3780 6000
533 180 536 185 ’
559 204 815 263 renueremus
832 205 930 263 anno
949 206 1009 277 vn,
1028 207 1168 266 cnarsrx
1188 210 1266 264 reos.

1712 214 1766 271 idd

13 398 18 419 ἶ
55 334 228 393 uenerabilis
254 333 349 392 fratris
373 331 499 391 nostri...
529 331 714 389 Dublinensls
736 331 1119 402 archiepl-Amortalitatls
1135 335 1301 407 assumpsit,
1320 340 1349 390 ut
1363 350 1416 391 nos
1430 349 1496 392 suos
1511 336 1541 392 in
1562 337 1651 394 Patris
1676 338 1765 409 gloria

55 425 145 497 scopi,
169 425 293 498 grauiter
318 424 494 496 propulsavit
521 422 624 491 sepius
652 437 738 477 aurea
760 427 884 490 nostras,

14 498 18 571 ἶ
56 530 108 573 nec
117 514 217 571 adhuc
227 511 391 586 propulsare
399 512 524 581 desistit,
536 512 691 567 clamorem
703 524 786 565 suum
800 510 887 579 lacry-

13 596 18 669 .'
56 605 142 661 mosis
155 604 310 661 inculcans
322 600 510 673 gemitibuset
524 602 640 663 amaris,
656 600 693 655 ita
705 606 737 654 ut
747 599 888 669 magnitu-

55 696 154 752 dinem
174 693 311 749 clamoris
329 691 418 762 ipsius
445 691 480 746 ad
509 705 593 745 aures
623 690 735 745 Domini
763 687 885 744 Sabaoth

55 783 227 841 ascendisse
241 781 402 850 credamus,
418 779 467 851 qui
497 779 620 844 utinam,
649 780 673 833 si
701 778 885 846 deliquimus,

55 877 158 945 parcat
174 871 269 940 nobis,
285 873 358 941 quod
376 874 488 925 tantum
500 868 681 939 perpecimus
693 866 813 934 homini,
827 867 887 937 qui,

53 964 83 1021 in
98 965 163 1018 suis
178 962 205 1017 ei
221 976 279 1016 non
294 959 436 1025 deterens,
453 958 553 1013 tandiu
569 957 734 1011 ministrum
759 956 820 1026 ejus
845 957 887 1012 af·

54 1052 138 1119 uixit,
157 1057 185 1107 et
200 1047 295 1105 arlhuc
310 1046 404 1104 afficto
420 1062 476 1102 non
487 1044 595 1118 parcitl
614 1045 709 1116 [Novit
720 1047 796 1100 enim
808 1045 888 1118 regia

53 1139 210 1206 celsitudo,
229 1146 256 1194 et
271 1138 342 1193 satis
356 1144 446 1208 potest
458 1136 621 1191 memoriter
634 1134 766 1200 retinere,
778 1135 888 1202 quotics

53 1231 195 1287 suavibus
210 1228 304 1284 verbis
317 1233 345 1283 et
362 1225 473 1282 blandis
488 1241 552 1281 eam
580 1241 630 1295 pro
657 1225 719 1294 ipso
743 1223 888 1294 archiepi-

56 1336 147 1390 scopo
163 1319 333 1375 duxerimus
349 1317 588 1373 commonendam
603 1313 687 1386 (518),
704 1321 730 1368 et
746 1329 795 1384 per
818 1312 889 1369 aiios

55 1410 215 1468 fecerimus
229 1406 417 1476 commoneri,
433 1414 461 1461 et
476 1411 542 1476 quot
557 1412 584 1462 et
608 1410 729 1476 quantas
755 1417 887 1474 porrexe-

57 1501 151 1558 rimus
168 1498 219 1554 tibi
234 1510 342 1569 preces,
360 1502 479 1565 oleum,
497 1510 578 1566 quem
595 1510 645 1564 per
665 1500 772 1563 sepiem
797 1507 888 1548 anuos

57 1596 141 1646 extra
157 1602 277 1659 regnum
293 1584 425 1641 exsulare
439 1584 543 1651 fecisti,
558 1589 596 1651 et,
612 1582 641 1639 in
657 1581 814 1638 alflictione
828 1596 888 1638 non

56 1678 175 1735 modica
190 1683 219 1734 et
230 1674 317 1733 officii
333 1673 532 1731 erubescentia
547 1671 705 1744 pastoralis,
722 1686 772 1744 par
791 1676 884 1742 partes

54 1770 171 1840 ignotas
185 1764 308 1822 aliorum
337 1762 470 1833 suffragio
498 1762 673 1831 mendicare,
702 1760 732 1816 in
761 1759 884 1830 gratiam

55 1865 136 1913 tuam
151 1855 304 1927 reciperes,
320 1859 347 1910 et
368 1853 395 1908 ei
422 1850 517 1907 ablata
545 1849 655 1906 restitui
683 1848 791 1906 iaceres
819 1847 883 1903 uni·

57 1963 150 2004 versa.
167 1943 240 2011 Quid
256 1951 351 2000 autem
366 1956 452 2012 super
464 1936 885 1996 hocnostraersluarintmoni·

58 2036 197 2092 tionsset
216 2047 325 2102 preces,
354 2029 532 2099 subsequens
557 2043 651 2085 rerum
678 2025 796 2082 silicolus
824 2025 886 2081 eri·

939 424 1044 480 fuceret
1072 425 1247 493 cohaeredes,
1272 429 1429 482 Romanam
1452 425 1608 482 Ecclesiam
1635 428 1763 500 insuper,

940 526 1025 581 quam
1041 513 1072 569 in
1087 513 1168 569 heato
1189 514 1281 581 Petro,
1298 514 1491 583 apostolorum
1509 515 1647 587 principe,
1674 518 1764 574 stabi-

940 600 1012 668 lirit,
1027 606 1122 658 einos
1138 604 1236 672 etiam,
1261 618 1332 673 quos
1357 602 1386 658 in
1412 603 1530 673 agendis
1555 606 1621 672 tuis,
1644 606 1668 662 si
1693 606 1767 663 bene

940 691 1058 760 recolas,
1079 693 1214 750 invenisti
1237 692 1406 749 favorabiles
1430 701 1457 749 et
1482 694 1631 766 benignos,
1658 695 1767 752 habens

941 781 1036 837 debite
1050 783 1279 838 consideratione
1294 791 1466 852 respectum,
1491 785 1640 855 prefatum
1670 785 1766 842 archi-

941 869 1105 943 episcopum
1121 871 1149 928 in
1166 871 1684 942 gratiamtnamliherallbenegnitato
1696 873 1767 930 recl·

942 959 1012 1031 pins,
1030 961 1097 1015 elel
1112 959 1205 1015 ablata
1229 960 1339 1016 restitui
1369 959 1457 1015 facias
1485 962 1643 1028 universas,
1673 961 1767 1018 taliter

942 1050 1016 1120 quod
1032 1065 1065 1105 ex
1081 1048 1174 1106 officio
1189 1049 1322 1122 pastorali
1337 1052 1516 1118 mandamus,
1533 1057 1560 1104 et
1572 1051 1656 1119 plcno
1669 1051 1768 1107 cordis

942 1138 1044 1193 aliectu
1062 1155 1221 1207 monemus,
1238 1139 1445 1211 adimpleturus
1461 1139 1513 1195 hac
1528 1138 1600 1206 vice,
1617 1141 1691 1210 quod
1717 1148 1767 1195 tua

942 1243 995 1299 sup
1007 1244 1027 1282 ·r
1043 1228 1108 1296 hoo,
1125 1230 1167 1285 rci
1181 1246 1253 1295 scra,
1265 1229 1402 1285 correctio
1413 1229 1619 1299 preteritorum
1629 1229 1768 1284 eliensem

942 1316 1033 1373 valeat
1047 1317 1169 1386 expiare.
1187 1316 1328 1388 Alioquin,
1346 1334 1412 1374 cum
1429 1319 1458 1372 ln
1476 1318 1528 1372 boc
1544 1318 1681 1388 deinceps
1700 1334 1768 1388 par-

942 1422 1006 1463 cere
1023 1406 1072 1462 tibi
1089 1405 1226 1474 nolimus,
1241 1407 1300 1478 qui,
1311 1423 1345 1463 eo
1359 1406 1436 1478 quod
1448 1415 1558 1462 tuntum
1574 1406 1768 1478 pepercimus,

941 1494 1097 1552 incurrisse
1112 1497 1245 1550 timemus
1260 1495 1398 1551 creatoris
1413 1495 1566 1561 otienssm,
1583 1495 1696 1551 noveris
1717 1512 1770 1551 nos

942 1584 1153 1642 venerabilibus
1167 1585 1302 1641 iratribus
1316 1585 1454 1640 nostris...
1466 1584 1665 1641 cantuariensi
1676 1584 1770 1640 archi·

940 1672 1085 1743 episcopo,
1093 1680 1154 1729 ct...
1163 1672 1296 1743 episcopo
1308 1670 1428 1742 Eliensi,
1437 1672 1567 1727 districte
1576 1672 1770 1743 precipiendo

940 1761 1104 1829 nrandassc,
1118 1776 1189 1831 quos
1203 1760 1290 1817 etiam
1306 1770 1421 1831 propter
1436 1760 1540 1832 prioris
1557 1761 1687 1816 mandati
1712 1776 1767 1817 no·

937 1851 989 1906 stri
1007 1849 1169 1921 neglectum
1185 1850 1308 1920 pruritur
1322 1849 1529 1918 redarguimus,
1547 1856 1589 1916 ut,
1606 1850 1629 1904 si
1649 1849 1768 1905 forsitan

938 1940 1031 1996 eidem
1046 1939 1262 2011 archiepiscopo
1277 1939 1351 1994 infra
1366 1940 1439 1994 duos
1455 1954 1569 1995 menses
1584 1946 1647 2009 post
1669 1954 1770 2012 recep-

938 2032 1046 2087 tionem
1062 2031 1243 2100 praesentium
1256 2048 1272 2086 a
1287 2037 1314 2085 te
1329 2046 1388 2086 non
1417 2030 1501 2086 fucrit
1530 2044 1658 2100 congrue
1686 2029 1770 2085 satis·

57 2126 163 2181 denter
177 2122 311 2185 ostendit,
328 2134 393 2176 cum
410 2117 537 2174 exauditi
547 2132 605 2173 non
616 2115 731 2187 simos]
741 2116 789 2170 sed
801 2114 885 2169 inde·
939 2120 1055 2182 facturn,
1071 2121 1264 2190 episcopatum
1294 2120 1329 2175 ad
1356 2134 1556 2189 quemcunque
1572 2126 1626 2173 tue
1649 2118 1770 2188 jurisdi.

60 2220 163 2270 center
178 2211 274 2283 P⁰lil¹⁸
287 2207 423 2274 obauditi,
440 2216 478 2274 0¹2
495 2208 569 2276 ti¹¹0¹¹
591 2205 672 2274 Dt’d'us
694 2212 748 2269 0⁵¹,
772 2203 886 2258 (ἶΐθᾶῑοῐ
938 2208 1025 2266 ctioni
1042 2207 1204 2280 subjectum
1221 2209 1482 2278 locumdeveneris,
1493 2208 1617 2277 quandiu
1628 2205 1771 2262 fuerisihi

60 2302 202 2369 ⁰ff0¹¹⁸¹¹⁵s
218 2300 363 2370 quisnam
380 2296 575 2352 ¹²⁰i¹di¹1¹i²¹⁰l
595 2293 733 2349 ⁰ff⁰¹l⁸³ffl
753 2292 885 2356 inultm,
940 2314 1078 2370 presens,
1094 2299 1264 2354 auctoritate
1291 2305 1397 2365 nostro,
1429 2296 1543 2352 sublato
1570 2295 1772 2367 appellationis

58 2394 129 2464 qaia
143 2389 285 2460 iniuriam
301 2387 375 2444 servi
389 2386 434 2442 sui
448 2401 482 2442 ax
508 2392 585 2454 pane
610 2382 735 2439 vindicet
757 2383 788 2438 in
813 2397 887 2453 prae-
937 2388 1097 2453 obstaculo,
1113 2388 1285 2443 aanonttcnt
1298 2386 1485 2443 interdictum
1502 2403 1508 2453 ;
1527 2387 1602 2456 quoa
1619 2386 1643 2439 st
1662 2401 1714 2441 nec
1729 2385 1772 2442 stc

57 2480 146 2547 senti,
163 2484 191 2536 et
206 2478 291 2534 etiam
307 2483 429 2531 reservet
445 2473 498 2530 sibi
516 2471 670 2528 vindictam
686 2471 773 2526 aliam
787 2469 818 2525 in
843 2469 888 2524 fu·
940 2477 1044 2533 euhoe
1068 2477 1164 2532 inques
1194 2478 1332 2547 mineris,
1360 2483 1447 2532 [mam
1476 2477 1560 2531 ,qm
1593 2475 1770 2547 provincia,

59 2573 138 2626 2⁰¹0·
156 2568 243 2635 5³⁰0,
259 2582 296 2622 ΒΘ
309 2580 396 2637 supet·
423 2563 582 2619 litteratum
611 2559 805 2616 inculetlionc
833 2574 887 2615 no·
942 2564 1149 2622 Duhliuensem
1165 2565 1318 2621 interdicto
1334 2565 1508 2620 concludant
1524 2579 1531 2619 ε
1550 2580 1599 2632 pro
1613 2571 1692 2619 certo
1712 2563 1771 2619 sci·

61 2667 203 2726 fimum»
218 2672 288 2727 (lifs
301 2655 656 2724 ilbiwifssllfflfifflfflissi
667 2649 889 2706 buccararimus
941 2659 1034 2719 turns,
1050 2655 1135 2724 quod,
1152 2654 1176 2708 si
1192 2655 1356 2709 mandatum
1381 2653 1545 2722 hujusmodi
1570 2653 1773 2722 pertransieris

60 2738 887 2817 destinare,plurimumimmoremur,cumlibitleipsis,
941 2741 1282 2806 auresurda,etdurum
1300 2750 1326 2796 te
1353 2741 1438 2797 nohis
1466 2742 1635 2809 ostenderis,
1667 2741 1715 2796 uhi
1744 2748 1772 2796 te

60 2847 89 2895 ut
103 2836 264 2902 credimus,
281 2833 365 2903 plene
383 2839 492 2889 constet
522 2830 607 2904 (519),
636 2845 738 2901 nuper,
767 2843 833 2884 cum
863 2835 888 2883 te
942 2831 1098 2903 benignum
1115 2831 1245 2887 invenire
1260 2829 1537 2898 dehemus‚causnm
1552 2830 1695 2896 Ecclesiae,
1712 2831 1769 2885 imo

60 2927 186 2985 dilectus
202 2923 289 2989 tilius,
306 2922 363 2979 Ν...
378 2921 465 2977 abbas
479 2919 644 2989 Casamarii,
656 2934 689 2973 ex
703 2926 781 2989 parte
792 2927 890 2973 nostra
944 2919 1004 2987 Del,
1022 2937 1080 2977 non
1095 2919 1275 2975 dimittemus
1291 2920 1363 2974 adeo
1378 2918 1570 2983 indeiensam,
1586 2918 1655 2988 quin
1666 2933 1771 2988 cogno·

59 3013 218 3080 monuerit,
233 3028 328 3069 coram
344 3008 442 3067 multis
458 3019 484 3064 et
505 3009 615 3079 rnagnis
642 3008 721 3078 viris,
751 3013 781 3064 at
804 3007 889 3063 etiam
944 3025 1022 3067 scere
1039 3009 1089 3064 tihi
1104 3010 1216 3073 demus,
1231 3008 1298 3079 quid
1317 3023 1418 3063 manns
1445 3008 1544 3063 vicarii
1572 3007 1639 3063 lesu
1669 3005 1774 3062 Christi

61 3103 245 3176 corripuerit,
261 3101 328 3173 quia
343 3099 510 3155 mandatum
526 3108 653 3153 nostrum
670 3113 728 3153 non
749 3096 889 3166 adimpie-
904 3082 930 3150 C
943 3100 1037 3156 valeat
1050 3099 1171 3169 operari.
1193 3098 1272 3165 Quod
1288 3097 1311 3152 si
1326 3097 1467 3152 vallemus
1482 3096 1602 3152 ulterius
1616 3095 1698 3167 qussi
1721 3094 1774 3151 tihi

61 3192 263 3252 verasinhao
280 3197 414 3261 parte,tu
434 3186 460 3244 ei
489 3188 709 3243 emendaturum
737 3186 834 3241 omnia
863 3189 892 3242 te
947 3187 1103 3245 deferendo
1118 3186 1242 3255 dillsrre,
1258 3185 1356 3255 procul
1372 3186 1459 3241 dubio
1475 3186 1638 3243 videremur
1663 3189 1691 3240 ta
1715 3199 1774 3240 non

62 3283 188 3340 firmiter
203 3279 370 3353 promisisti.
386 3278 454 3344 Sed,
470 3292 536 3333 oum
551 3276 627 3330 idem
648 3275 890 3346 archiepiscopus,
947 3278 1068 3348 diligere
1082 3279 1130 3332 sad
1145 3277 1235 3343 odire,
1249 3275 1317 3346 quia
1341 3282 1419 3344 pater
1445 3274 1536 3329 hlium
1566 3290 1650 3346 quem
1679 3271 1775 3343 diligit

63 3374 100 3431 de
118 3378 169 3428 tua
182 3368 374 3444 promissione
388 3367 548 3430 confidens,
564 3365 667 3421 reverti
681 3364 768 3420 vellet
782 3364 816 3419 ad
826 3379 891 3434 pro·
947 3366 1077 3438 corripit,
1093 3372 1120 3421 et
1135 3364 1209 3421 Deus
1223 3379 1296 3435 quos
1309 3371 1386 3420 amat
1400 3365 1492 3435 arguit
1507 3371 1535 3419 ct
1549 3364 1677 3433 castigat.

64 3463 139 3535 pria,
153 3467 182 3517 et
197 3467 290 3515 tecum
305 3456 404 3515 fecerit
428 3473 478 3528 per
501 3454 607 3525 aliquot
630 3454 691 3511 dies
715 3468 835 3518 moram,
859 3467 894 3509 ac
985 3456 1085 3512 Datum
1114 3454 1220 3520 Roma,
1250 3453 1325 3523 apud
1349 3453 1485 3509 Sanctum
1514 3452 1642 3520 Petrum,
1673 3450 1775 3507 idibus

64 3562 94 3608 tu
111 3551 208 3623 ipsum
223 3548 260 3604 de
274 3547 320 3603 die
333 3545 364 3602 in
384 3546 463 3602 diem
490 3545 661 3614 protraxeris
685 3544 766 3599 vanis
789 3541 892 3611 verbis,
948 3544 1123 3616 Decembris,
1140 3558 1216 3599 auno
1232 3543 1364 3615 septimo.

63 3656 120 3697 neo
138 3637 226 3695 relies
239 3636 265 3693 ei
281 3636 354 3707 quud
370 3634 543 3705 promiseras
557 3632 726 3704 adimplere,
743 3631 842 3699 tristis,
866 3637 894 3686 et

63 3744 175 3787 vacuus
190 3741 271 3796 aspa
286 3732 470 3791 sua,coactus
478 3734 518 3779 est
526 3721 650 3778 Parisios
659 3735 786 3777 remeare
794 3719 892 3792 (52⁰)lt

61 3820 147 3889 cujus
161 3815 252 3888 plagae
269 3830 335 3871 cum
350 3813 498 3869 suavitatis
512 3811 609 3868 oleum
625 3825 817 3880 superponere
842 3810 894 3865 de·

64 3909 194 3975 hnisses,
217 3904 378 3974 asperitatis
403 3903 504 3960 vinum
528 3916 672 3974 opponere
695 3900 840 3967 curavisti,
864 3904 895 3954 ut

1304 3715 1424 3773 CLXXII

1086 3850 1189 3891 occino
1208 3850 1242 3889 ar
1261 3849 1397 3889 carrroso
1416 3848 1641 3889 muasssasxaus.

949 3979 1076 4045 ifcndat,
1091 3977 1163 4051 quod
1179 3974 1308 4033 beselmo
1335 3983 1363 4032 et
1389 3978 1507 4033 lieberto
1536 3975 1679 4032 canonicis
1706 3993 1778 4049 prae·

1053 4050 1155 4107 benaias
1167 4048 1283 4105 omnino
1298 4050 1441 4118 integrare
1455 4064 1510 4104 non
1525 4048 1669 4121 differant.

1087 4184 1178 4256 (Apud
1194 4185 1221 4239 S.
1239 4183 1363 4253 Petrum,
1381 4182 1440 4238 fiai.
1457 4181 1643 4255 Decembris.)

64 3996 214 4056 calamum
237 3999 460 4060 conquassatum
484 4004 603 4047 omnino
631 3986 840 4058 confringeres,
869 3993 896 4044 et

64 4091 246 4145 senectutem
270 4080 360 4152 ipsius
385 4095 500 4151 cogeres
523 4077 643 4134 deiicere
669 4082 843 4148 paupertate.
871 4076 895 4130 Α

65 4171 301 4248 procuratoribus
330 4170 407 4226 enim
436 4169 499 4239 ejus
527 4170 644 4223 centum
664 4165 751 4222 libras
779 4163 896 4220 sterlin-

65 4279 184 4337 gerum,
200 4277 272 4332 quas
286 4260 319 4315 ad
351 4257 522 4314 solutionem
551 4255 714 4311 debitorum
741 4253 804 4324 ejus
828 4268 895 4309 cum
1344 4325 1350 4337 ι
1573 4324 1579 4337 ο

64 4356 167 4412 lahore
184 4353 274 4408 multo
294 4349 477 4416 collegerant,
504 4347 577 4402 sicut
600 4345 715 4414 dicitur,
740 4343 894 4413 extorsisti,
985 4327 1152 4384 A⁰00⁰d0¹¹⁸
1166 4326 1201 4380 fd
1218 4331 1400 4395 Diminuam
1417 4322 1673 4380 ”⁰⁵¹idffld1100llli
1686 4325 1774 4396 (ΠΜ,

66 4455 92 4502 et
107 4441 253 4500 mandasti
267 4440 352 4496 etlam
368 4437 582 4507 archiepiscopo
608 4433 763 4490 Casscllen.
790 4441 819 4489 ut
842 4432 891 4487 ad·
908 4460 936 4524 D
951 4417 1117 4481 Mittimus·
1133 4414 1290 4471 ⁰³⁰⁰¹¹l⁰¹¹⁵
1308 4413 1444 4512 liccleaiae
1472 4418 1583 4512 vestrae,
1613 4428 1665 4469 ⁸¹¹⁸
1692 4414 1778 4471 nobis

66 4531 312 4590 ministrationem
336 4527 490 4597 susciperet
511 4524 668 4581 dioeceseos
699 4520 891 4579 Dubllnensis.
951 4504 1146 4564 insinuatione
1161 4507 1339 4601 “lwttwini
1354 4500 1777 4574 i⁰0d2⁰i¹ffl¹p⁸0elfl0btttu⁸

68 4624 104 4682 gt
116 4622 204 4680 papus
217 4618 292 4689 pegia
307 4615 457 4681 celsique),
473 4631 537 4685 quq,
553 4614 604 4670 fug
616 4613 646 4668 in
657 4622 817 4669 nostrarum
830 4627 893 4682 pm.
947 4594 1112 4652 auctoritate
1126 4590 1282 4663 apostolica
1300 4591 1331 4647 in
1359 4591 1459 4647 eadem
1488 4591 1616 4647 Ecclesia
1644 4592 1778 4651 canonici

68 4728 136 4769 cum
166 4707 348 4766 exauditione
375 4713 433 4761 tam
457 4705 540 4770 dura,
571 4712 701 4772 paternus
729 4716 814 4772 sopor
840 4700 895 4757 hoq
950 4679 1780 4752 luerintinstitui,utriquedimidiaeprebendaebenellcio

67 4800 247 4858 monitiones
267 4795 396 4865 recipiat,
421 4791 487 4850 licet
506 4793 594 4857 tarde,
611 4791 791 4848 serenitatem
816 4798 894 4845 tuam
949 4774 1094 4846 assignato
1122 4778 1179 4826 ¹³¹⁰
1207 4770 1375 4825 ³⁰⁰¹⁰ll¹⁸¹0
1405 4769 1563 4826 mimium
1605 4779 1780 4835 limitatum»

69 4903 217 4961 rogamus,
233 4899 384 4942 monemus
399 4889 426 4939 et
442 4882 568 4938 hortatur
583 4882 614 4937 in
639 4879 770 4947 Domino,
796 4878 826 4934 ln
852 4893 895 4934 ω.
950 4880 1038 4937 apuam
1052 4859 1168 4919 concilii
1185 4858 1375 4929 Turonensis,
1389 4860 1467 4932 quud
1484 4859 1688 4916 beneficiorum
1701 4859 1780 4915 inhi-

70 4979 241 5036 missionem
255 4975 307 5032 tihi
322 4972 521 5046 peccaminum
537 4971 728 5041 injungentes,
754 4975 896 5040 quatenus

66 5070 103 5126 ad
118 5068 276 5125 Dominum
290 5065 387 5121 iesum
402 5061 559 5130 Christum,
583 5059 630 5131 qui
655 5073 771 5116 carnem
794 5063 897 5114 uostrae

952 4956 998 5013 het
1012 4951 1179 5016 sectionem,
1201 4958 1231 5005 ut
1258 4965 1307 5005 ros
1335 4964 1400 5005 suas
1427 4950 1468 5007 eis
1498 4950 1676 5020 integraretis
1705 4964 1778 5019 prae·

951 5043 1074 5111 hendas,
1103 5055 1169 5098 cum
1199 5038 1337 5095 instantia
1366 5040 1569 5110 postularunt3
1598 5037 1703 5110 quihus
1730 5052 1782 5094 vos

69 5274 186 5341 ualdus,
202 5274 363 5355 adaunnm
381 5270 460 5353 isloi,
486 5271 501 5337 5
528 5268 573 5323 69.
604 5269 669 5332 Qua
696 5263 772 5337 apud
802 5264 898 5336 ipsum

70 5351 219 5421 leguntur,
234 5344 281 5427 hic
298 5358 380 5399 uncis
395 5340 508 5398 inclusa
523 5347 599 5396 sunt.

65 5413 626 5561 Antleafirrffluqigztgctamtffigrngpsffi'
657 5490 727 5537 tom.

66 5564 133 5633 tta,
153 5562 212 5622 col.
226 5560 256 5629 2,
271 5560 308 5617 ad
322 5572 432 5615 anuum
448 5555 527 5624 1205,
544 5569 607 5628 cap.
622 5568 661 5621 tv,
677 5553 730 5622 54.

955 5246 1144 5381 63(5(1ὂῗμ11ἀ.
1160 5243 1242 5315 epist.
1258 5243 1328 5301 libri
1359 5244 1453 5317 quinti
1481 5244 1532 5299 tob
1560 5251 1588 5300 et
1616 5241 1684 5299 libri
1711 5240 1783 5299 sexti

631 5409 726 5481 legere
753 5415 796 5464 est
822 5407 899 5479 apud
991 5363 1071 5468 (⁹519.)
1086 5394 1152 5446 Haec
1166 5387 1242 5458 apud
1258 5388 1418 5471 Maurique.

754 5480 800 5537 ΙΙΙ.
830 5496 897 5553 pag,
993 5466 1068 5540 (520)
1084 5463 1227 5520 Hactenus
1241 5463 1398 5532 Maurique.
