3780 6000
56 296 110 355 ott
556 297 816 355 mortetenus
834 291 935 349 serto
955 288 1002 361 IX,
1020 295 1167 350 centnm
1185 293 1268 349 1206.

59 424 124 480 vias
140 424 353 497 maris,otqoos
363 440 445 480 mare
455 423 604 495 marisque
615 420 888 492 belloa,rabiesque
1323 418 1397 475 CXX

61 520 219 571 ventorum
234 515 419 570 incessanter
442 512 602 584 exagitant,
616 511 673 585 ipsi
690 511 825 568 saniores
839 508 886 566 his
933 521 1119 577 catuniano,
1143 527 1225 567 sau.
1248 525 1341 576 astae,
1367 527 1400 566 ar
1424 526 1452 565 n.
1479 525 1628 566 mauricis
1653 526 1767 568 sevana·

59 603 212 674 omnibus,
239 603 412 676 quotidiana
439 601 642 675 persecutione
666 600 836 667 molestant,
854 600 887 653 ut
1316 615 1411 656 sinos.

1712 295 1874 355 942⁴

60 694 99 750 de
115 692 260 765 Charybdi
276 699 305 748 et
319 692 427 766 Scylla,
442 691 612 763 ceterisque
635 690 727 747 maris
748 686 887 761 periculis
942 715 1019 785 Quod
1040 717 1312 773 &mmmmm
1327 732 1411 789 supe,
1434 716 1566 774 ,mone
1586 717 1769 789 quadam„
1871 758 1875 765 Ι

58 777 887 853 taceamus.Quamvisigiturtotessemusdiiircultatibus

57 869 431 944 circumplexi,naeicolam
443 871 641 943 tamenipsam
658 868 887 941 quibuscunque

58 964 214 1036 potuimus
233 961 397 1033 gubernare
425 960 593 1016 curavimus
625 957 819 1031 argumentis,
842 972 887 1026 ac,

59 1053 213 1108 interdum
229 1051 258 1106 in
272 1051 344 1105 mari
361 1050 416 1106 hoc
431 1049 482 1105 reti
494 1049 648 1120 piscatoria
659 1045 888 1117 extenso,pisces
978 1051 1336 1120 eum,aaat0dtaeecteate
1348 1052 1448 1109 Sancti
1461 1052 1766 1124 PotriArgeotinensis

60 1159 122 1198 non
140 1142 272 1197 modicos
281 1139 513 1196 concludisimus
524 1139 553 1194 in
564 1140 666 1195 eodem
678 1152 834 1210 quos‚cum
850 1134 887 1189 ad
941 1147 1074 1212 vacente,
1086 1147 1213 1214 quatuor
1227 1159 1262 1198 cx
1275 1141 1424 1198 canonicis
1434 1141 1529 1213 ipsius
1539 1142 1668 1198 ecclesie
1677 1141 1766 1199 dilec-

59 1238 180 1303 portum
196 1231 320 1287 educere
333 1230 529 1297 crederemus,
545 1244 645 1285 eorum
663 1226 754 1299 aliqui
770 1229 832 1282 rete
842 1240 889 1279 ru·
943 1237 1005 1286 turn
1021 1230 1116 1286 tilium
1132 1230 1307 1302 magistram
1323 1232 1354 1286 S.
1368 1230 1528 1300 elegissent
1542 1231 1726 1288 concorditer
1736 1232 1767 1289 in

58 1326 179 1394 perant,
195 1325 223 1376 et
239 1336 297 1376 non
314 1319 409 1376 solum
426 1320 482 1391 ipsi
498 1319 634 1392 protinus
648 1317 679 1372 in
694 1321 826 1373 ventrem
838 1330 887 1386 po·
942 1320 1128 1376 custodem...
1144 1318 1310 1391 praeposito,
1323 1320 1360 1376 ad
1377 1335 1465 1392 quem
1481 1320 1655 1377 investitura
1668 1321 1767 1377 nosci·

59 1410 121 1483 legi
143 1414 214 1467 sunt
242 1408 359 1481 relapsi,
393 1403 889 1480 sedctaliospustsecumpulers
942 1410 991 1462 tur
1017 1408 1359 1481 pertinere,electionem
1385 1409 1480 1482 ipsam
1505 1410 1661 1465 admittere
1683 1426 1768 1467 rccu-
1837 1448 1840 1453 ·

60 1501 167 1557 relabi.
184 1501 365 1556 laborantes
377 1498 503 1570 denique
528 1498 645 1554 reicere
669 1501 732 1553 rete
749 1496 889 1560 tractum,
943 1504 1039 1567 sante,
1055 1501 1090 1555 ad
1102 1504 1233 1556 nostrsro
1245 1500 1302 1555 tuit
1316 1499 1494 1556 audientiam
1505 1500 1768 1573 appellatumltos

62 1606 158 1662 aquas
172 1589 272 1654 etiarn,
301 1605 365 1661 qua
379 1588 545 1644 naviculum
562 1588 755 1653 intraverunt,
772 1589 888 1640 eteoru-
943 1596 1052 1658 autem,
1068 1588 1186 1660 quiade
1202 1589 1318 1660 negotio
1329 1606 1386 1645 noa
1399 1591 1494 1660 potuit
1509 1589 1594 1645 nobis
1607 1589 1668 1645 fieri
1680 1589 1769 1662 plens

62 1677 467 1752 putrueruutinipsa,conati
484 1693 586 1734 surntss
601 1678 707 1747 ejicere
722 1677 760 1731 ab
774 1674 889 1741 eadem,
944 1678 1028 1747 tides,
1059 1694 1180 1735 canmm
1204 1679 1300 1751 ipsam
1329 1679 1364 1734 ll.
1383 1680 1413 1733 S.
1442 1683 1471 1734 et
1498 1678 1529 1734 C.
1557 1678 1767 1735 concanonicis

63 1786 147 1836 neve,
164 1787 220 1840 prce
236 1767 408 1825 contusione
424 1768 554 1824 mariset
566 1768 712 1823 fluctuum
725 1762 889 1836 naufragio,
942 1767 1048 1824 vestris
1062 1769 1203 1824 duximus
1217 1768 1468 1833 committendam,
1484 1769 1588 1824 dantm
1602 1768 1646 1824 eis
1656 1768 1768 1825 nostris

60 1860 157 1932 possit
172 1874 238 1915 eam
255 1858 370 1913 instans
381 1856 509 1930 procella
524 1858 822 1928 demergere,oportet
833 1868 886 1908 nos
902 1842 927 1909 Β
943 1857 1051 1914 litteris
1063 1859 1092 1913 in
1108 1858 1270 1929 mandatis,
1286 1863 1331 1923 ut,
1341 1857 1476 1930 partibus
1490 1859 1669 1928 convocatis,
1683 1865 1710 1915 et
1721 1874 1767 1915 re·

58 1948 156 2020 ipsam
168 1948 196 2003 in
213 1949 275 2003 solo
284 1947 334 2003 Dei
347 1947 464 2001 nornine
476 1962 527 2018 per
538 1946 698 2001 anchoram
712 1942 779 1998 ndei
794 1941 887 1998 stubi·
941 1950 1159 2003 anastasianam
1169 1947 1300 2004 debitum
1313 1947 1457 2018 quidquid
1467 1946 1765 2019 poatnppeltatiaaem

59 2037 126 2095 lire.
144 2040 211 2103 Ona
227 2036 286 2093 sint
302 2041 400 2092 autem
424 2035 497 2101 bac,
512 2033 695 2091 dilectissimi
709 2031 770 2102 dlii,
787 2037 816 2087 et
830 2031 885 2086 sub
942 2037 978 2091 sd
994 2052 1048 2093 nos
1063 2035 1193 2109 legitime
1207 2036 1411 2107 interpositam
1425 2035 1768 2094 invenirsnltamsrsat-

59 2144 188 2200 quorum
212 2127 296 2182 vobis
306 2126 381 2198 stylo
398 2126 545 2186 dicantur.
559 2123 748 2197 prudentiam
759 2125 887 2178 vestram
942 2129 1099 2195 tentatum,
1124 2126 1263 2181 audirent
1287 2125 1355 2180 bino
1378 2124 1449 2181 inda
1470 2126 1631 2198 proposita,
1644 2131 1675 2184 at
1688 2128 1766 2196 qnod

62 2218 214 2276 credimus
229 2234 286 2273 non
303 2215 482 2285 latere,si‚ad
499 2232 533 2271 ea
544 2214 694 2271 subtiliter
706 2211 886 2283 indaganda,
942 2216 1117 2271 canonicam
1131 2219 1221 2282 esset,
1236 2214 1431 2286 appellatione
1451 2220 1575 2281 remota,
1591 2220 1767 2287 statuerent,

61 2309 199 2365 discretae
222 2306 466 2363 considerationis
502 2305 595 2362 aciem
622 2301 795 2360 extendatis.
812 2304 885 2355 Cum
942 2310 972 2361 et
987 2305 1115 2361 iacerent
1136 2321 1188 2376 per
1210 2321 1368 2361 censuram
1388 2305 1618 2361 ecclesiasticam
1644 2307 1768 2363 ilrmitsr

58 2398 163 2472 igitar,
179 2397 256 2453 inter
270 2401 310 2453 tot
325 2400 353 2452 et
369 2401 450 2452 tanta
465 2393 594 2467 pericula
607 2393 770 2461 constituti,
782 2389 886 2447 vestris
942 2394 1099 2450 observari.
1110 2394 1247 2449 Partibus
1262 2393 1353 2465 igitar
1366 2393 1393 2449 in
1411 2395 1569 2465 presentia
1584 2394 1672 2451 unias
1683 2395 1768 2467 judi·

58 2488 247 2561 indigeamus
259 2481 886 2554 meritisotorotionibusadjuravi,rogavous
941 2500 1007 2540 cnm
1019 2483 1246 2555 constitutisqni
1261 2484 1569 2555 deipserornassensu
1578 2484 1691 2559 absque
1700 2502 1768 2544 con·

58 2579 287 2636 etobsecramus
309 2593 360 2633 vos
383 2592 434 2649 per
462 2576 573 2631 viscera
602 2571 805 2629 misericordia
834 2568 885 2625 ilci
937 2574 1091 2645 judicibus
1106 2575 1143 2630 de
1157 2575 1223 2646 ipso
1239 2574 1355 2647 negotio
1370 2576 1577 2647 cognoscebat,
1590 2579 1619 2633 et
1633 2578 1768 2635 commis·

60 2669 168 2735 nostri,
194 2671 340 2741 quatenus
360 2665 456 2732 nobis,
472 2665 502 2720 in
528 2664 620 2719 maris
648 2660 803 2717 altitudine
828 2659 886 2714 ssu·
941 2662 1569 2735 sionisnostrselittorisinpublicarecitatis,
1579 2666 1720 2738 magister
1730 2667 1765 2724 ll.

57 2750 885 2824 cluantibus,charitatisvestrssuffragiomimpentlatis,

976 790 1135 862 wasrotres
1149 806 1255 858 eoram,
1269 792 1294 846 ιι·
1304 790 1382 862 josto
1391 798 1440 859 est,
1456 790 1562 861 sociant
1577 790 1729 847 obseruari.

1158 905 1326 979 (Ferentini,
1342 924 1363 963 ιι
1378 906 1553 979 ldosloiii.)

942 2751 993 2824 qui
1007 2768 1039 2808 ec
1053 2752 1132 2808 dicto
1148 2753 1181 2808 B.
1196 2752 1398 2808 adversarium
1414 2754 1590 2825 opponebat,
1602 2770 1636 2811 ex
1649 2761 1765 2827 parte...
1874 2802 1877 2809 .

59 2858 100 2913 et,
111 2846 200 2903 retnis
221 2845 557 2901 orationumvestrarom
577 2843 751 2913 piscatorem
768 2845 797 2897 at
810 2838 887 2895 navi·

59 2937 158 2995 culam
176 2934 373 3003 sublevantes,
398 2934 495 3000 illum,
516 2932 566 3005 qui
582 2932 655 2987 mari
671 2935 701 2987 et
715 2930 810 2986 ventis
830 2928 887 2985 im-

60 3030 156 3101 perat,
172 3024 308 3093 exoretis,
326 3030 368 3091 ut,
386 3040 437 3096 per
451 3040 535 3079 suam
548 3018 887 3077 misericordiaminitni·

941 2842 1041 2898 Sancti
1055 2842 1198 2915 Gregorii,
1214 2847 1276 2898 et...
1293 2843 1464 2899 monasterii
1481 2844 1654 2900 Parisiensis
1674 2846 1765 2903 abba·

941 2940 1005 2987 turn
1021 2933 1105 3004 (501),
1128 2936 1189 2989 et...
1207 2933 1354 3005 prepositi
1370 2933 1406 2988 de
1418 2933 1597 3005 Lutsobacb,
1622 2937 1766 3008 quasdam

941 3021 966 3078 ei
983 3022 1098 3079 litteras
1109 3025 1305 3094 praesentavit,
1321 3038 1372 3094 per
1386 3039 1461 3094 qnos
1476 3023 1673 3080 mandabatur
1682 3024 1766 3097 judi-

58 3122 282 3188 tamsopernos
296 3114 468 3169 illuminans
480 3113 594 3167 vultum
609 3108 886 3181 saum,lnteriorern
941 3112 1027 3169 cibus
1039 3118 1070 3168 ut
1095 3113 1265 3169 nullatcnus
1290 3113 1319 3167 in
1345 3112 1462 3185 negotio
1478 3114 1542 3185 ipso
1565 3116 1764 3186 procederent,

60 3212 89 3263 et
104 3204 277 3263 exteriorem
288 3208 503 3275 tempestatem,
515 3208 641 3271 serenet,
653 3205 923 3280 compressione
942 3218 1009 3257 cam
1025 3201 1082 3275 ipsi
1107 3203 1226 3260 anobis
1249 3202 1363 3258 litteras
1387 3203 1461 3258 alias
1486 3205 1675 3276 recepissent,
1701 3222 1767 3279 quaa

61 3296 154 3369 dique
176 3298 278 3352 ventos
293 3300 322 3350 et
344 3309 424 3349 mare
448 3291 679 3363 circumquaque
701 3290 884 3361 tranquillet,
942 3295 1145 3348 auctoritatem
1159 3293 1288 3364 priorum
1305 3291 1425 3363 penitus
1436 3293 1631 3363 revocabaut3
1648 3296 1767 3351 sicutex

63 3401 179 3458 nosque
193 3383 305 3440 ttamini
321 3383 415 3439 sancti
429 3381 557 3454 Spiritus
568 3380 762 3453 navigationis
779 3383 885 3436 nostras
939 3398 1041 3437 eoram
1052 3382 1240 3453 transcripto,
1252 3380 1381 3453 qaodeis
1393 3381 1764 3453 duxerantdestioendom,

63 3475 129 3530 vela
144 3475 317 3546 pandentes,
333 3472 453 3528 dextera
468 3477 629 3527 sanctasua
644 3469 762 3541 dirigat,
778 3474 806 3525 et
817 3486 886 3525 con·
941 3470 1026 3543 plens
1041 3475 1175 3542 poterant
1199 3471 1326 3527 edoceri.
1340 3474 1461 3539 Veram,
1477 3488 1544 3527 cum
1568 3479 1763 3529 memoratum

60 3568 170 3629 servet,
186 3562 342 3634 mittatque
364 3560 450 3617 nobis
469 3560 609 3633 Spiritum
625 3575 712 3615 souin
728 3574 745 3613 ι
760 3563 888 3630 quatuor
940 3561 1115 3633 rescriptam
1145 3560 1255 3632 astylo
1282 3558 1462 3616 cancellarie
1487 3567 1592 3618 nostru
1616 3563 1766 3620 videretur

59 3653 157 3710 ventis
181 3652 256 3719 coeli,
272 3668 330 3723 quo
354 3652 560 3723 gubernatore,
576 3664 634 3721 quo
656 3648 740 3715 doce,
766 3646 888 3718 impleta
941 3649 1099 3723 plerimnm
1112 3635 1301 3723 'riiscrepera
1317 3654 1347 3706 et
1366 3650 1523 3706 baberetur
1544 3650 1700 3725 multiplici
1715 3670 1763 3710 ra·
1843 3708 1847 3713 .

61 3743 182 3799 demum
208 3740 313 3812 sagina
327 3740 471 3813 piscibus,
487 3739 628 3811 scopulus
642 3737 791 3794 valeamus
811 3736 886 3792 insi·
939 3739 1763 3812 tionesuspecturu,abeodemmagistroitautbcnticum

62 3831 211 3888 diantium
228 3835 427 3886 monstrorum
444 3829 581 3901 effugere,
598 3844 632 3884 ac
647 3827 725 3883 inter
738 3824 887 3883 sevientis
941 3828 1442 3903 postolavit,qoinonsolumipsius
1454 3830 1765 3902 etcopiaroiacerede·

65 3918 264 3993 procellarum
279 3917 452 3974 discrimina
466 3932 579 3973 merces
591 3916 761 3972 Dominicas
771 3916 806 3970 sd
819 3930 887 3988 por·
941 3920 1067 3993 negavit,
1084 3920 1146 3985 aed,
1163 3918 1423 3976 contumaciterab
1435 3918 1531 3991 ipsios
1543 3922 1681 3979 recedens
1691 3940 1765 3996 pra·-

61 4007 282 4065 tustutissimos
291 4005 498 4081 asportare.De
512 4005 694 4079 plenitudine
708 4022 776 4061 vero
786 4004 887 4078 gratim
942 4010 1047 4076 sentia,
1062 4011 1099 4065 ad
1112 4026 1180 4066 eum
1193 4009 1380 4080 postmodum
1393 4009 1488 4065 redire
1498 4012 1687 4084 contempsit,
1698 4012 1766 4069 licet

61 4103 170 4155 nostre
196 4096 303 4165 securi,
320 4097 355 4152 ad
372 4100 482 4152 sanctae
497 4094 648 4167 religionis
663 4094 774 4151 cultum
799 4092 889 4150 latius
942 4098 1114 4155 solemniter
1136 4100 1173 4154 ab
1187 4114 1221 4154 eo
1243 4097 1329 4154 tertio
1357 4097 1444 4153 luerit
1469 4105 1616 4157 evocatus.
1641 4104 1765 4159 Domum

61 4187 288 4261 propagandam
305 4186 463 4242 ferventius
476 4185 633 4253 insistatis,
650 4188 679 4240 et
692 4185 727 4239 ds
741 4184 825 4239 vines
836 4184 890 4238 oo·
943 4205 1019 4249 vero,
1029 4205 1095 4244 cum
1106 4187 1387 4259 adoobosjodicom
1416 4188 1622 4258 predictorum
1635 4191 1670 4246 de
1682 4208 1764 4247 man-

61 4275 136 4332 mini
161 4274 301 4345 Sabaoth,
325 4280 428 4330 restrae
456 4290 531 4330 curas
553 4272 722 4337 commissa,
746 4288 811 4344 quae
839 4288 890 4343 per
943 4276 1765 4353 datotertiiperemptoriumessetpartibusassignatum

62 4366 160 4439 ipsius
176 4364 301 4437 gratiam
315 4381 332 4419 a
344 4363 417 4419 mari
435 4374 532 4434 usque
544 4364 579 4417 ad
598 4378 678 4418 neure
693 4361 815 4434 palmite
826 4361 889 4431 jam
943 4365 1121 4421 dictos.ll.in
1132 4365 1418 4438 eorumcontempsit
1427 4368 1765 4441 presentiacomparere.

60 4454 202 4521 extendit,
219 4452 364 4509 studeatis
380 4452 528 4508 eradicare
544 4452 655 4520 nociva,
671 4452 794 4507 etutilia
805 4451 889 4525 plan·
943 4457 1012 4528 Ejus
1028 4455 1116 4527 igitur
1131 4455 1317 4512 contumacia
1333 4472 1384 4526 pro
1409 4460 1564 4527 presentia
1579 4464 1723 4530 reputata,
1739 4464 1769 4516 et

62 4549 125 4599 tare
141 4542 261 4607 curetis,
278 4546 435 4613 quatenos,
451 4543 533 4596 bone
547 4541 696 4612 opinionis
711 4541 843 4607 odorem,
860 4545 888 4597 et
903 4574 926 4643 ο
942 4548 1059 4616 recepto
1075 4543 1149 4615 (502)
1166 4545 1202 4600 ob
1218 4544 1375 4599 alabatibus
1390 4550 1419 4600 et
1431 4548 1586 4616 preposito
1599 4548 1768 4606 memoratis

59 4633 116 4706 piar
131 4631 363 4687 conversationis
374 4631 502 4686 fructum
521 4631 598 4702 apud
611 4630 703 4688 Deum
714 4634 744 4686 et
753 4630 889 4687 bomiues
943 4651 1011 4691 oum
1027 4634 1232 4705 quaesivissent
1242 4635 1279 4690 ab
1291 4633 1367 4690 eissi
1377 4634 1533 4708 taleaipsis
1545 4636 1659 4693 litteras
1670 4642 1768 4695 trans-

61 4722 258 4796 proierenies,
273 4722 310 4777 de
333 4720 440 4776 virtute
455 4721 484 4775 in
500 4721 638 4777 virtutem
655 4722 814 4777 accendero
827 4737 888 4778 me·
943 4722 1182 4796 misissent,quod
1192 4738 1281 4779 causa
1292 4722 1465 4795 hujusmodi
1475 4730 1553 4782 esset
1565 4744 1686 4798 prorsus
1696 4728 1769 4801 ipsis

61 4810 200 4879 reamini,
217 4813 309 4867 donec
327 4813 416 4866 iteum
434 4813 555 4867 eteorum
572 4811 601 4866 in
616 4812 685 4867 Sion
701 4810 833 4868 videatis.
943 4813 1392 4888 incognita,habitoprudautom
1403 4815 1534 4873 virortrm
1547 4817 1680 4885 consilio,
1693 4819 1768 4875 elec-

96 4901 205 4957 Datum
220 4901 381 4969 Ferentini,
395 4919 411 4957 v
426 4902 496 4959 idos
510 4901 590 4969 tulii,
606 4917 682 4959 uano
697 4918 786 4959 nono.
943 4904 1034 4971 tione,
1048 4919 1110 4975 qua
1125 4903 1161 4960 de
1177 4904 1242 4977 ipso
1258 4903 1401 4975 magistro
1416 4906 1451 4963 Η,
1469 4923 1527 4962 non
1543 4912 1603 4963 tam
1625 4906 1771 4967 celebrate

945 4995 1049 5065 luerat,
1061 5008 1149 5066 quam
1160 4997 1352 5066 presumpta,
1359 4994 1477 5066 institia
1488 4994 1632 5069 exigente,
1643 5001 1769 5065 cassata,

945 5082 1118 5140 electionem
1130 5080 1264 5153 magistri
1275 5082 1305 5137 Β.
1320 5084 1463 5155 tanquam
1474 5083 1647 5139 canonicam
1664 5084 1772 5140 coutin-

946 5174 1075 5241 msrunt,
1090 5170 1311 5243 possessionem
1327 5170 1480 5241 custodie,
1495 5176 1525 5228 et
1540 5188 1642 5229 curam
1657 5171 1772 5229 anima·

946 5279 1012 5319 rum
1021 5260 1216 5335 pertinentem
1232 5260 1268 5317 sd
1278 5260 1374 5332 ipsam
1386 5261 1412 5319 ei
1423 5262 1598 5320 auctoritate
1613 5261 1773 5337 apostolice

99 5436 177 5509 (501)
188 5437 217 5505 S,
229 5437 890 5507 desperit,etmonosteriiParirt'ensisobbutam.
948 5442 984 5497 de
998 5440 1188 5498 monasteriis
1213 5441 1388 5499 earistenats
1403 5442 1565 5500 dioeceseos
1586 5443 1635 5499 hic
1652 5444 1697 5516 agi
1715 5458 1773 5499 non

62 5509 111 5566 Sic
120 5509 231 5567 diserte
239 5510 346 5579 legitur
356 5510 387 5565 in
399 5509 568 5583 apographo
580 5511 674 5569 Genti.
688 5515 894 5579 Quunameint
948 5529 1034 5586 possa
1049 5513 1174 5570 videtur.
1190 5517 1274 5571 Forte
1289 5519 1418 5570 erratum
1434 5517 1529 5570 catab
1544 5519 1737 5572 amanuensi.

63 5583 247 5638 monasteria
261 5576 313 5640 illa
328 5584 364 5639 tte
380 5598 508 5653 quoram
528 5584 686 5640 abbatibus
701 5585 748 5641 bic
762 5582 895 5657 loquitor
984 5585 1059 5658 (502)
1073 5585 1121 5642 Sic
1135 5604 1142 5655 ;
1159 5600 1261 5642 veram
1276 5586 1379 5643 deesse
1394 5585 1508 5658 aliquid
1523 5587 1649 5644 videtur.

64 5653 211 5728 pontifex,
222 5655 307 5727 juxta
328 5654 498 5727 ignorantes
509 5671 564 5711 nos
578 5655 654 5714 scire
663 5656 800 5716 latemur.
810 5663 895 5717 Certo
