3780 6000
49 245 126 302 taor
553 228 818 301 rourrrrcarua'
830 241 932 300 auuo
950 246 999 310 ru,
1018 244 1161 303 cnarsrr
1180 244 1261 302 mos.
1690 242 1760 303 rara

54 390 125 430 rum
141 373 265 431 cessisse
280 378 445 430 noscuntur
457 371 621 446 percipiunt
637 374 665 427 et
676 369 819 434 deridunt
833 385 885 443 pro
900 371 986 439 Ater
1013 369 1094 427 boue
1124 372 1270 429 memoria
1293 371 1540 445 predecessorum
1570 375 1653 427 tuum
1681 376 1758 429 etit.

56 479 120 520 auae
136 462 257 519 arbitrio
271 460 567 534 volantatia,illisqui
579 459 731 531 superbos
746 458 888 515 deberent
938 460 1087 530 quondam
1099 461 1277 518 abbatissam
1288 460 1454 519 lotrensem
1470 477 1487 516 a
1502 458 1587 517 nabis
1599 459 1658 517 lata
1672 465 1717 517 est
1731 466 1760 518 et

58 553 95 609 de
106 553 174 624 jure
189 552 300 624 requiri
309 551 428 625 penitus
443 548 631 616 inconsultis,
640 552 669 604 et
679 547 802 615 eisdem,
816 546 886 603 licet
939 549 1069 605 noudum
1084 551 1264 608 exsecutioni
1273 550 1455 619 mandata,et
1464 548 1543 606 omni
1554 548 1633 623 quod
1644 549 1760 621 utrique

56 642 168 714 saepius
191 640 337 713 requisiti,
359 641 490 697 debitam
514 637 620 696 nolunt
645 637 766 694 reddere
779 635 886 709 portio·
938 639 1079 711 compstit
1093 639 1170 710 parti
1181 641 1258 712 jure,
1274 639 1331 712 ipsi
1345 640 1442 697 electa
1460 655 1569 695 munus
1585 638 1761 696 benedictio·

10 772 12 781 .
55 747 137 788 nem.
163 732 304 798 Quocirca
327 729 499 787 discretioni
521 732 625 785 vestra
645 743 696 800 per
723 726 885 799 apostolica
939 727 985 783 nis
1001 727 1171 799 impendere
1185 747 1245 787 non
1260 729 1390 786 omittas.
1415 727 1555 801 Alioquin
1576 728 1690 787 noveris
1705 746 1759 786 nos

55 821 168 894 scripta
191 820 358 876 maurianus
383 823 530 892 quatenus
557 816 666 874 vocatis
690 816 741 889 qui
766 816 886 872 luerunt
937 817 1095 873 venerabili
1111 818 1193 874 lratri
1209 823 1308 875 nostro
1324 816 1463 875 Treceuai
1478 816 1614 890 episcopo
1630 817 1660 873 in
1677 834 1761 875 man·

10 928 12 935 ·
57 909 361 980 evocandi,etauditie
374 909 444 966 binc
457 908 526 964 iude
540 905 712 979 propositis,
723 905 802 978 quod
817 904 882 976 jus·
938 905 1015 962 datis
1031 906 1146 964 dedisse
1163 912 1196 964 ut
1208 912 1325 977 extunc,
1341 905 1430 964 salvis
1447 906 1595 979 praedictis
1610 906 1760 975 omuibus,

57 1005 123 1057 tum
140 998 228 1055 luerit
240 998 437 1072 appellatione
451 993 884 1070 postpositastatuatie,lacieu·
937 996 1111 1053 auctoritate
1139 1001 1241 1054 nostra
1264 997 1397 1054 eamdem
1421 994 1617 1069 appellatione
1649 1005 1761 1053 remota

56 1095 115 1156 tes,
130 1093 186 1145 etc.
203 1093 304 1145 Testes
322 1092 432 1156 autem,
448 1094 502 1144 etc.
518 1085 600 1151 Quod
624 1085 649 1142 si
666 1101 723 1141 non
746 1099 883 1141 omnes...
937 1086 1001 1142 sine
1015 1085 1157 1145 diletione
1171 1088 1343 1145 benedicere
1358 1104 1415 1144 non
1431 1091 1598 1160 postponat.

59 1179 120 1235 duo
135 1183 276 1246 vestrum,
289 1182 345 1234 etc.
972 1180 1081 1233 Datum
1092 1178 1239 1248 Laterani,
1255 1194 1305 1234 nur
1321 1177 1384 1235 Kal.
1398 1176 1477 1244 Maii,
1494 1192 1571 1234 auno
1592 1176 1758 1235 undecimo.

97 1267 203 1324 Datum
221 1265 365 1336 Laterani,
376 1283 411 1321 xv
426 1265 490 1322 Kal.
512 1264 595 1336 Maii,
621 1279 699 1321 anuo
714 1261 880 1319 undecimo.
1306 1267 1389 1323 LVII.

436 1355 508 1413 LiV.
1191 1360 1320 1432 (Datum,
1335 1367 1366 1415 ut
1379 1358 1410 1415 in
1426 1359 1507 1433 otta.)

55 1462 157 1504 amero
176 1461 382 1515 urcoueomusr,
402 1462 436 1501 nr
450 1460 613 1502 amonstro
641 1459 739 1501 sanari
754 1456 883 1499 saeuiant
972 1449 1006 1503 In
1028 1449 1157 1505 eumdem
1179 1449 1290 1506 modom
1305 1450 1429 1507 Trecmrsi
1450 1447 1575 1522 episcopo
1595 1463 1680 1521 usquc
1700 1464 1759 1505 uon

130 1555 164 1594 nr
178 1553 275 1594 aarum
291 1554 450 1593 rusauoacu
467 1550 811 1594 cousuauuuoromrams.
937 1537 1062 1593 omittat.
1092 1538 1220 1611 Ideoque
1244 1538 1420 1595 fraternitati
1443 1542 1501 1595 tua
1524 1554 1577 1611 per
1599 1536 1761 1612 apostolica

140 1626 322 1683 Commititur
336 1628 375 1683 eis
388 1643 472 1683 causa
486 1643 569 1699 super
582 1627 704 1699 quodum
722 1625 811 1681 muto.
936 1627 1045 1700 scripta
1059 1627 1234 1684 mandamus
1245 1632 1391 1700 quatenus
1401 1628 1426 1684 si
1443 1627 1540 1683 dictus
1555 1627 1665 1684 alectus
1676 1643 1760 1684 man·

313 1716 441 1787 (Datum,
455 1721 486 1772 at
497 1718 526 1772 in
541 1717 623 1773 otia.)
898 1749 923 1816 B
937 1716 1037 1772 datum
1047 1721 1180 1773 nostrum
1197 1716 1273 1773 inira
1286 1717 1459 1790 pradictum
1468 1716 1626 1774 terminum
1640 1715 1760 1772 nonim-

94 1805 229 1862 lnnotuit
244 1804 339 1869 nobis,
356 1806 606 1878 conquerentibus
626 1803 741 1861 dilectis
756 1802 835 1875 liliis,
852 1803 883 1858 l.
938 1803 1068 1878 plerit,tu
1084 1805 1454 1879 entuno,salvisprndictis
1469 1806 1618 1875 omnibus,
1635 1804 1760 1861 auctori·

55 1899 86 1953 et
100 1895 135 1953 D.
160 1895 274 1952 clericis
296 1896 373 1967 apud
398 1893 680 1966 Constantinopolim
702 1893 884 1961 constitutis,
937 1897 998 1951 tate
1013 1898 1114 1951 nostra
1128 1895 1262 1952 eamdem
1288 1893 1409 1952 electam
1431 1892 1627 1967 appellatione
1650 1897 1761 1950 remota

56 1986 137 2058 qnod
153 1986 282 2041 decanus
297 1984 409 2041 Sancte
425 1984 541 2056 Sophia
561 2001 595 2040 ac
608 1984 730 2057 quidam
747 1981 798 2039 alii
809 1986 884 2039 Con·
936 1982 1000 2040 sine
1012 1983 1153 2041 dilatione
1167 1984 1338 2041 benedicere
1353 2000 1411 2041 non
1426 1988 1598 2057 postponas.

56 2071 315 2146 etautinopolitani
331 2074 491 2146 quamdam
507 2072 617 2130 mulam
634 2078 662 2130 et
677 2089 724 2129 res
738 2071 812 2129 alias
823 2087 886 2144 per·
973 2072 1092 2142 Datum,
1109 2078 1139 2130 ut
1149 2075 1180 2130 io
1193 2074 1264 2131 otia.

58 2164 187 2220 tinentea
203 2164 239 2219 ad
256 2163 337 2234 ipsos
352 2167 452 2218 contra
464 2162 611 2234 justitium
628 2162 762 2218 detinent
772 2165 801 2217 et
815 2160 884 2216 red·
1294 2162 1392 2221 LVIII.

56 2252 359 2317 derecoutradicunt,
376 2250 609 2323 superillacoet
633 2250 883 2321 rebuealiiiuJ'u·
936 2267 1224 2310 nrcauonrcauroar
1252 2269 1287 2309 nn
1311 2268 1485 2321 emensam,
1514 2269 1548 2308 rr
1572 2268 1707 2309 urarsrno
1730 2270 1758 2309 r.

55 2342 167 2398 riantes
191 2340 312 2397 eisdam.
338 2340 465 2411 ideoque
503 2339 671 2395 discretioni
697 2343 799 2396 vestra
833 2355 885 2412 per
972 2358 1007 2397 ua
1039 2358 1204 2400 uomrmrco
1227 2358 1360 2400 cauomao
1384 2358 1481 2399 sauerr
1510 2359 1594 2398 raum
1625 2357 1758 2399 coasrau·

56 2429 218 2501 apostolica
234 2429 344 2501 scripta
359 2429 537 2484 mandamus
549 2432 696 2500 quatenus
710 2428 821 2485 vocatia
833 2427 884 2501 qui
971 2447 1065 2488 rruor.

59 2518 170 2573 luerint
184 2518 335 2585 evocandi,
351 2521 380 2573 et
403 2517 514 2573 auditis
538 2516 690 2572 hincinde
715 2517 883 2590 propositio,
1049 2521 1239 2579 committitur
1250 2522 1291 2578 eta
1311 2521 1443 2594 quadem
1457 2537 1542 2578 causo
1557 2522 1651 2580 Comi.

57 2609 136 2679 quod
148 2608 265 2678 justum
281 2606 369 2664 suerit
383 2606 579 2679 appellatione
594 2606 757 2679 postposita
771 2610 885 2663 statua·
1135 2611 1292 2682 (Laterani,
1307 2628 1366 2667 xvu
1382 2609 1444 2667 Kal.
1461 2610 1553 2682 Maii.)

55 2695 107 2762 tis,
125 2697 276 2767 incientes,
294 2700 350 2752 etc·
366 2696 468 2752 Testes
485 2702 593 2777 eutem,
610 2700 664 2751 clu.
688 2695 808 2760 Quodsi
825 2712 883 2751 non
970 2701 1052 2756 Sicut
1067 2699 1191 2756 dilectus
1213 2699 1294 2756 lilius
1309 2699 1449 2756 turnultus
1473 2699 1632 2755 canonicus
1646 2701 1757 2755 sanctio

53 2801 196 2843 omnes...
212 2786 282 2857 duo,
298 2786 352 2842 eie.
936 2788 1033 2845 Maria
1049 2789 1085 2844 de
1098 2788 1234 2844 cinctura
1247 2787 1502 2860 Constantinopoli
1518 2804 1572 2844 sua
1588 2787 1673 2844 nobie
1689 2804 1758 2845 con·

96 2875 214 2947 Datum,
229 2883 258 2931 ut
272 2878 301 2932 in
315 2875 385 2931 otio.
936 2877 1090 2951 questione
1120 2878 1303 2946 monstravit,
1332 2881 1432 2935 cantor
1456 2877 1551 2949 ipsius
1572 2876 1700 2933 ecclesiae
1722 2893 1756 2933 ac

443 2964 500 3021 LV.
935 2967 1055 3040 quidam
1064 2966 1115 3023 alii
1124 2965 1365 3024 concanoniciaui
1378 2965 1616 3040 portaseJnsdem
1626 2964 1756 3022 ecclesia

58 3071 171 3111 seuera:
194 3071 301 3112 sermm
323 3072 357 3112 nr
380 3071 493 3111 sauarm
528 3071 678 3111 lucornara
699 3070 827 3126 naalma,
849 3070 884 3110 nr
935 3059 964 3112 et
974 3072 1020 3113 ree
1031 3055 1103 3113 alias
1114 3073 1165 3129 per
1175 3055 1452 3127 violentiamrapere
1462 3059 1714 3128 presumpserunt
1725 3054 1755 3112 lu
1837 3110 1841 3125 ,

298 3161 419 3201 carreni
435 3161 468 3199 nn
484 3161 638 3200 amaneus.
895 3120 916 3189 c
935 3148 1068 3220 ejusdem
1084 3147 1217 3205 canonici
1228 3152 1256 3203 et
1265 3147 1400 3204 Ecclesia
1413 3145 1615 3219 praeiudicium
1624 3162 1658 3202 ac
1668 3162 1757 3203 ecan-
1839 3222 1849 3235 ι

56 3235 103 3290 bis
117 3235 298 3290 committitur
312 3251 402 3292 causo
411 3234 520 3304 Arcuit
537 3235 669 3291 cononici
677 3233 711 3290 de
726 3233 880 3304 elabente,
936 3235 1036 3295 datum
1048 3236 1403 3310 plurimorumouiavero
1415 3235 1565 3292 uobienou
1578 3234 1711 3293 constitit
1722 3236 1758 3291 da

313 3324 442 3397 (Datum,
459 3328 489 3380 at
504 3326 535 3380 in
547 3324 629 3395 otio.)
936 3325 1282 3399 premissis,discretioni
1297 3330 1399 3383 vestra
1409 3342 1461 3397 per
1475 3324 1636 3398 apostolica
1647 3325 1759 3398 scripta

92 3412 248 3485 conquesti
259 3418 329 3469 eunt
338 3414 423 3470 nobis
434 3413 533 3470 dilecti
543 3413 595 3469 filii
607 3412 746 3470 Aruullus
759 3415 883 3471 canoni·
936 3416 1113 3472 mandamus
1123 3418 1268 3488 quatenus
1279 3414 1447 3487 vocatisqui
1458 3418 1578 3486 propter
1587 3413 1760 3471 bocluerint

55 3517 108 3557 cus
123 3502 158 3558 de
173 3501 316 3559 Blakerna
327 3506 356 3558 et
367 3503 417 3559 alii
432 3501 527 3559 clerici
548 3504 625 3576 apud
642 3502 884 3576 Constantinopo·
936 3503 1087 3573 evocandi,
1104 3507 1133 3560 et
1146 3504 1255 3560 auditis
1270 3503 1421 3560 hincinde
1436 3502 1604 3576 propositis,
1619 3502 1697 3575 quod
1709 3502 1760 3574 ju·

56 3588 109 3645 iim
126 3591 277 3647 constituti
289 3592 364 3663 quod
375 3592 550 3648 venerabilia
561 3592 650 3648 irater
665 3592 883 3648 noaterSalim·
937 3601 1015 3649 atum
1032 3592 1120 3649 luerit
1142 3591 1338 3666 appellatione
1365 3595 1528 3665 postposita
1549 3590 1695 3658 statuatis,
1714 3591 1759 3647 la·

58 3679 185 3736 briensis
200 3681 242 3737 eia
257 3697 347 3751 super
362 3680 539 3754 quibusdam
565 3681 660 3751 terris,
670 3681 774 3753 vineis,
790 3680 884 3754 pratis
936 3682 1218 3752 cicutas‚etc.Tcstes
1234 3682 1489 3750 autem,etc.0uod
1505 3680 1531 3737 ei
1547 3697 1604 3737 non
1621 3695 1758 3738 omncs...

57 3772 86 3824 et
101 3769 188 3825 rebus
204 3769 270 3825 aliie
287 3770 395 3825 daninn
409 3769 510 3842 gravia
524 3775 553 3826 et
568 3770 693 3841 injurias
703 3771 811 3827 interra
823 3788 881 3828 non
937 3772 995 3828 duo
1010 3777 1150 3843 vestrum,
1164 3776 1219 3829 eto.

57 3861 163 3915 cessat.
181 3860 307 3931 ideoque
326 3859 496 3915 discretioni
519 3863 624 3915 vestre
649 3876 699 3932 per
723 3860 883 3933 apoatolioa
972 3861 1076 3918 Datum
1090 3861 1236 3933 Laterani,
1251 3877 1311 3917 xxu
1325 3859 1386 3916 tini.
1404 3859 1481 3929 Maii,
1499 3876 1576 3917 anno
1592 3858 1756 3917 undecimo.

57 3948 168 4020 scripta
184 3951 363 4005 mandamus
388 3953 536 4021 quatenus
558 3949 693 4022 partibus
716 3950 882 4006 convocatis
1318 3950 1384 4006 ΗΧ.

56 4037 355 4110 audiatiscausam‚et
369 4038 565 4111 appellatione
576 4038 768 4110 remota,ssne
784 4039 882 4097 debito
936 4056 1052 4097 cluroar
1075 4056 1190 4097 seucum
1213 4056 1314 4096 manua
1334 4055 1369 4095 on
1393 4055 1542 4095 emmanue
1565 4056 1599 4095 nr
1621 4053 1758 4095 uacreruc

55 4127 234 4199 terminetis,
252 4128 469 4199 laciantee,etc.
484 4128 587 4185 'l'estes
602 4132 712 4198 autem,
727 4133 783 4186 etc.
800 4130 882 4196 Quod
971 4146 1068 4186 susem
1096 4146 1179 4186 raum
1208 4147 1242 4186 ar
1268 4147 1296 4186 r.
1324 4144 1421 4185 cauam
1458 4144 1572 4185 asoncu
1600 4143 1760 4186 conscium·

56 4216 81 4271 ei
97 4234 156 4273 non
172 4234 286 4288 omnes,
302 4223 357 4276 etc.
972 4234 1157 4277 uononrrauts
1171 4235 1325 4276 cauomau.

89 4309 207 4375 Datum,
223 4311 254 4362 ut
268 4309 300 4364 in
315 4308 384 4366 otio.
1172 4310 1262 4381 Super
1276 4324 1359 4365 causo
1374 4306 1526 4364 consimili.

429 4396 500 4455 LVI.
1188 4398 1318 4470 (Datum,
1333 4400 1364 4453 ot
1379 4396 1411 4452 in
1425 4394 1506 4467 atio.)

227 4499 345 4541 oruacrc
360 4502 434 4543 rimo
447 4503 703 4543 usnoaaaranecro.
894 4483 917 4548 D
968 4487 1070 4546 Dilecti
1088 4485 1141 4543 filii
1157 4486 1286 4543 decanus
1297 4481 1756 4557 etcapltulumecclesiaeSanole

55 4573 87 4630 Ut
110 4572 253 4644 impendat
278 4573 493 4630 benedictionem
512 4577 544 4631 V.
571 4574 721 4633 abbatissae
747 4575 877 4632 turrensi.
933 4578 1031 4636 Mariae
1045 4579 1081 4634 de
1095 4577 1234 4633 Cinctura
1248 4574 1424 4632 transmissa
1446 4572 1531 4630 nobis
1545 4571 1756 4644 conquestione

261 4664 417 4730 (loflietssssb
433 4679 485 4718 11111
500 4663 565 4720 Ktl·
581 4664 674 4736 Maii)
933 4672 1136 4727 monstrarunt
1147 4666 1224 4740 quod
1240 4665 1328 4722 Brino
1340 4662 1510 4721 balistarius
1525 4665 1554 4719 et
1569 4661 1690 4734 quidam
1706 4660 1757 4718 alii

89 4752 146 4823 (23)
161 4752 278 4809 Dilecta
301 4753 332 4809 in
357 4752 471 4809 christo
495 4752 563 4810 tiliae
578 4753 720 4813 moniales
733 4755 879 4815 lotrensis
932 4754 1250 4829 Constantinopolitani
1266 4769 1355 4828 super
1377 4752 1505 4827 quadam
1528 4750 1614 4808 domo
1629 4749 1756 4809 ecclesia

52 4841 437 4899 monasteriibumilinobis
455 4840 656 4899 insinuatione
675 4849 880 4904 monstrarunt
933 4845 1152 4921 supradictam
1176 4843 1362 4916 eleemosyna
1383 4840 1438 4899 tibi
1460 4856 1600 4898 concesso
1623 4844 1652 4898 et
1666 4840 1754 4897 rebus

51 4931 130 5002 quod
146 4932 225 4989 idem
241 4930 408 4989 coeuobium
424 4934 544 5004 propter
555 4930 727 4989 dilationem
743 4932 879 4992 benedic·
933 4935 1000 4993 allis
1015 4951 1118 5008 graves
1132 4935 1175 4992 eie
1194 4941 1221 4992 et
1245 4932 1382 5006 iniuriosi
1402 4930 1544 4989 existunt.
1569 4929 1695 5003 Ideoque
1707 4929 1754 4985 di·

51 5020 141 5076 tionis
156 5020 254 5077 electa
265 5019 360 5094 ipsius
372 5024 432 5076 tem
448 5019 478 5075 in
488 5019 695 5093 spiritualibus
705 5037 793 5093 quarn
804 5026 878 5079 tem·
933 5025 1069 5082 ecretioni
1085 5028 1188 5082 vestra
1204 5040 1257 5097 per
1268 5020 1429 5095 apostolica
1445 5019 1555 5093 scripta
1576 5018 1755 5074 mandamus

49 5110 202 5181 paratibus
218 5127 276 5167 non
293 5108 760 5167 modicasustinuitdetrimenta.
778 5111 880 5169 Volen·
932 5116 1078 5187 quatenus
1089 5113 1222 5185 partibus
1238 5111 1416 5178 convocatis,
1432 5107 1586 5166 etauditis
1601 5104 1753 5162 hincinde

49 5202 95 5255 tes
111 5198 202 5272 igitur
224 5200 320 5256 eidem
346 5205 469 5273 paterna
491 5197 692 5257 sollicitudine
715 5198 876 5274 providere,
931 5202 1104 5277 propositis,
1120 5203 1198 5275 quod
1210 5203 1324 5275 justam
1340 5199 1440 5265 luerit,
1456 5201 1523 5267 etc,
1535 5194 1684 5264 iacientes,
1696 5198 1753 5252 etc.

51 5288 223 5346 discretioni
239 5294 296 5346 tuae
312 5306 363 5362 per
387 5288 550 5362 apostolica
573 5289 684 5362 scripta
700 5290 878 5367 mandamus
931 5294 1158 5362 Testesautem,
1183 5295 1239 5349 etc.
1269 5290 1351 5356 Quod
1382 5287 1408 5345 si
1430 5300 1606 5344 nonomnes
1623 5323 1752 5343 .....

50 5383 199 5450 quatenus
220 5379 299 5435 inlra
324 5379 493 5452 quindecim
518 5379 581 5436 dies
605 5382 761 5451 postquam
786 5379 876 5438 tueris
930 5383 1014 5450 duos,
1031 5385 1087 5437 etc.

47 5472 473 5542 consecratus,ealvotempore
484 5467 875 5541 sententiaquauuuumia·
964 5476 1083 5544 Datum,
1099 5474 1130 5527 ut
1144 5473 1175 5528 ia
1194 5472 1262 5528 etia.

83 5596 212 5667 (33)liide
226 5596 419 5670 appendicem
435 5595 525 5666 hujus
540 5595 618 5653 iibri.
