3780 6000
94 264 144 323 tlt
567 265 769 322 turoneum
786 266 825 322 tlt
843 267 898 322 PP.
919 267 1153 331 nneestottttte
1171 272 1238 329 tte.
1258 271 1317 326 vlt.
1746 268 1799 325 tls

92 406 144 463 per
166 407 286 462 reguum
303 399 383 448 tuum
406 406 573 463 progressus
597 392 701 463 pariter
722 399 749 449 et
773 408 921 465 regressus
933 395 964 462 Α
978 410 1092 468 cunque
1107 398 1162 456 slbl
1177 407 1203 456 st
1219 399 1288 467 suls,
1306 403 1354 453 aut
1375 397 1460 452 etism
1484 395 1617 466 episcopo
1640 403 1798 452 memorato

92 480 123 538 in
144 480 306 553 bulgariam
335 485 363 537 et
389 481 544 539 nlachiara.
570 483 614 537 'l'u
638 498 763 554 quoque,
791 484 815 540 sl
845 485 917 541 licus
969 486 1225 561 audereutsliqnid
1241 487 1373 554 rendere,
1402 501 1450 541 seu
1475 484 1584 556 aliquid
1609 483 1796 540 humanitatis

90 571 255 638 recolimus,
267 570 444 643 suggessisti,
465 573 539 642 qnod
555 572 915 645 tuoesersnitettplacebat‚
969 575 1103 633 solatium
1115 576 1261 644 exhibere,
1283 590 1398 648 posnam
1414 575 1594 632 incurrerant
1609 589 1793 644 personarum

91 667 123 718 ut
137 660 362 732 Megsjnppauus
376 660 490 729 servin,
505 660 631 718 debltam
645 667 672 716 et
692 662 819 718 devotam
845 656 914 733 epo-⁴
968 671 996 723 at
1010 681 1116 736 rerum,
1132 673 1159 723 ct
1174 667 1236 737 ipss
1250 663 1405 723 cardinalis
1419 679 1484 720 oum
1495 662 1793 734 episcoposnpndtoto

90 750 198 807 stolicca
214 750 273 806 sedi
283 749 471 807 reverentiam
482 757 510 806 st
523 749 715 806 obedientiam
727 751 915 822 esblbsrel,et
967 771 984 811 e
999 755 1135 812 trecentis
1150 755 1185 811 ad
1202 755 1297 810 minus
1313 752 1496 810 circuminsls
1509 749 1682 809 satellitibus
1697 760 1794 808 custo·

91 838 220 906 euobis,
242 838 320 895 selvo
343 836 375 894 iu
402 838 609 910 temporalibus
628 839 692 909 inre
718 846 778 905 tao,
803 842 912 911 regium
968 843 1055 913 ditur,
1071 844 1120 915 qul
1145 845 1218 900 adeo
1242 843 1336 915 ipsum
1362 840 1567 912 comprimunt,
1589 840 1664 912 quod
1686 842 1791 898 ostium

92 928 249 1002 susciperet
261 927 400 984 diadema.
416 928 509 994 Unde,
526 944 579 985 uos
595 928 680 999 bajus
698 928 910 986 exsecutionem
967 946 1100 1002 camerae,
1116 933 1141 989 sl
1156 947 1271 990 camera
1286 931 1343 987 dici
1358 930 1453 996 debet,
1469 929 1633 997 observent,
1650 933 1682 986 ot
1698 937 1790 986 tecea-

90 1018 199 1090 negotil
225 1016 379 1074 venerabili
400 1017 480 1074 iratrl
503 1023 600 1074 nostro
616 1058 744 1074 .....
763 1018 913 1076 Coloceml
967 1037 1031 1078 mue
1048 1039 1109 1094 qua
1124 1022 1178 1079 sibi
1190 1021 1287 1079 etsuls
1300 1019 1546 1077 circanecesserla
1563 1027 1672 1075 naturas
1698 1019 1791 1076 uiliter

89 1108 315 1179 archiepiscopo,
331 1107 519 1164 meminimus
530 1106 700 1177 iniunxisse.
713 1112 761 1164 Per
774 1108 911 1179 benengo,
965 1111 1137 1182 irrogantur.
1155 1133 1169 1160 a
1184 1110 1260 1182 (343)
1273 1109 1350 1166 lleul
1374 1107 1448 1165 laeui
1473 1109 1513 1164 till
1536 1107 1716 1174 charissimo,
1740 1108 1789 1165 ubl

89 1212 149 1254 non
164 1201 222 1252 tem
238 1195 387 1268 generales
403 1211 488 1267 quaen
504 1197 642 1268 speciales
661 1212 763 1254 causas
788 1198 909 1266 iuduotl,
966 1222 981 1254 a
1000 1200 1160 1272 astragalis
1175 1199 1250 1272 (343)
1265 1197 1429 1264 clementia,
1444 1197 1492 1253 ubi
1508 1198 1606 1267 religio
1617 1196 1788 1267 Gbristiaua,

89 1287 227 1344 dilectum
250 1285 341 1342 llllttm
371 1293 511 1353 nostrum,
538 1287 672 1344 Leonem.
696 1287 773 1344 titutl
797 1288 912 1348 Sancte
966 1311 980 1341 a
1000 1290 1196 1362 ubispeeialis
1211 1288 1326 1346 devotio
1341 1288 1477 1360 quemad
1498 1303 1551 1344 nos
1574 1293 1603 1343 et
1630 1289 1788 1343 Romarm

88 1377 186 1434 Crucis
213 1376 414 1448 presbyterum
436 1376 625 1445 cardinalem,
649 1377 810 1448 apostolice
835 1377 912 1433 sedis
966 1379 1156 1436 «Ecclesiam
1170 1378 1335 1451 praetenue
1350 1378 1484 1433 heberei
1501 1376 1625 1433 Mutatus
1647 1383 1690 1432 est
1709 1377 1789 1433 color

87 1469 225 1538 legatum,
252 1466 285 1521 iu
311 1466 471 1537 bulgariam
495 1474 524 1522 et
544 1465 689 1523 blachiam
715 1481 765 1538 por
789 1480 909 1536 reguum
964 1490 979 1521 a
999 1469 1135 1541 optimus,
1152 1476 1179 1525 et
1198 1482 1301 1523 aarum
1329 1467 1360 1523 ln
1383 1467 1508 1523 scoriam
1534 1471 1577 1522 est
1603 1480 1784 1523 conversam.

88 1565 169 1615 tuum
184 1558 218 1612 ed
242 1557 472 1630 propagationem
499 1557 564 1613 ddel
588 1544 758 1614 cbristlensa
776 1557 910 1613 duximus
964 1563 1098 1616 «Pareat
1112 1557 1200 1629 igitur
1222 1557 1263 1613 els
1284 1556 1372 1627 Deus,
1397 1557 1445 1628 qul
1470 1556 1599 1612 animum
1622 1563 1701 1611 tuum
1727 1563 1784 1611 tam

91 1647 305 1714 destinandum,
321 1644 384 1718 qui,
400 1646 475 1703 siout
486 1646 568 1703 uoltis
578 1646 908 1712 suislitterisintimaeit,
963 1670 977 1697 a
998 1665 1082 1719 prero
1096 1647 1217 1705 consilio
1229 1646 1405 1714 seduxerim,
1415 1645 1574 1702 volentibus
1585 1645 1784 1717 interregnum

91 1739 172 1792 etos
187 1735 261 1807 regia
276 1733 454 1803 celsitudine,
471 1735 545 1791 ultra
566 1737 651 1792 etiam
664 1751 748 1807 quam
777 1736 906 1792 credide·
924 1747 950 1812 Β
966 1759 980 1787 a
1000 1746 1027 1794 et
1054 1737 1243 1794 secerdotium
1270 1735 1442 1792 discordiam
1472 1735 1629 1792 semineret
1647 1735 1703 1791 Sed
1731 1750 1785 1791 nos

89 1827 136 1894 rit,
150 1824 255 1881 exstitit
271 1824 434 1894 honoratus,
451 1825 489 1881 its
503 1831 545 1892 ut,
562 1827 645 1896 quael
670 1825 796 1897 deposita
814 1825 910 1897 gravi·
966 1850 981 1879 a
1002 1844 1052 1900 pro
1068 1835 1146 1885 certo
1161 1841 1318 1898 speramns,
1333 1824 1409 1896 quod
1425 1830 1473 1881 aut
1487 1839 1538 1895 per
1559 1833 1585 1879 te
1608 1825 1703 1895 ipsum
1723 1824 1783 1896 jam

89 1920 146 1973 lato
169 1914 270 1984 regali,
296 1914 426 1970 universa
450 1916 596 1972 conareris
624 1914 738 1972 allicere
766 1931 828 1987 quae
856 1915 910 1972 sibi
966 1941 981 1968 «ι
1001 1926 1091 1974 errata
1105 1915 1272 1980 correxeris,
1288 1922 1336 1969 aut
1350 1914 1385 1970 ad
1408 1913 1630 1970 commotionem
1655 1921 1784 1970 nostram

87 2004 217 2063 crederes
230 2003 420 2076 complacere,
435 2005 502 2061 dato
517 2005 596 2076 prius
610 2004 765 2062 cumomni
778 2005 900 2076 jucundi
965 2032 980 2059 a
999 2006 1095 2064 taliter
1105 2004 1210 2062 debeas
1234 2004 1396 2070 emendare,
1423 2009 1455 2058 ut
1476 2003 1582 2072 injurie
1604 2009 1731 2059 transeat
1756 2004 1786 2062 in

88 2101 143 2152 tete
165 2094 269 2150 ducato
297 2093 419 2163 uuutlis,
449 2110 520 2165 quos
544 2093 575 2151 ln
602 2093 763 2166 llslgarlsm
791 2095 908 2151 duxerat
967 2096 1293 2155 abonorcmetolleusa
1308 2093 1785 2168 lngratiamconrertaturlbbol.s]

52 2232 60 2245 .
86 2181 339 2251 transmittendam
355 2183 476 2254 datoque
492 2184 568 2253 pacis
582 2183 692 2251 osculo,
707 2187 735 2239 at
749 2183 824 2240 iaots
842 2198 908 2240 cum
963 2187 1112 2256 Quocirca,
1127 2186 1310 2243 serenitatem
1333 2184 1449 2256 regiam,
1473 2185 1509 2240 de
1531 2199 1587 2253 ona
1610 2183 1695 2254 plene
1710 2183 1787 2255 (354)

88 2288 191 2344 magno
202 2272 410 2343 gaudiomutne
421 2271 908 2344 promissioneamtcttiespectatis,
962 2276 1144 2344 confidimus,
1161 2290 1294 2348 rogamus
1307 2274 1454 2339 attentius,
1470 2280 1496 2329 et
1511 2288 1674 2341 monemus,
1692 2273 1720 2329 iu
1740 2290 1787 2330 re-

88 2378 122 2419 ec
135 2359 451 2430 muneribuselargltle,
463 2361 773 2419 nonsolumllceutiam
784 2361 910 2419 obtinuit
963 2367 1129 2422 missionem
1145 2365 1195 2421 tibi
1212 2363 1409 2434 peccaminum
1425 2362 1620 2433 injungentes,
1643 2367 1787 2434 qnatenus

91 2450 268 2520 transeundi,
285 2450 482 2506 verumetiam
499 2449 681 2506 nuutilstuis
698 2450 909 2522 precepisti,nt
961 2455 1097 2526 injurtam
1113 2452 1252 2510 cardinali
1276 2452 1423 2522 praedicto,
1445 2451 1504 2507 imo
1526 2450 1622 2506 verius
1645 2451 1733 2507 uobis
1757 2453 1786 2508 iu

87 2558 153 2600 eum
168 2541 353 2599 transterreut
379 2543 408 2597 in
430 2542 589 2612 bulgariam
613 2557 678 2598 cum
704 2542 824 2610 honora,
848 2556 911 2612 pro·
961 2545 1034 2614 ipso,
1049 2542 1118 2615 quin
1135 2544 1228 2613 potins
1242 2540 1353 2598 lllatam
1371 2541 1492 2597 Domino
1514 2541 1597 2597 lasus
1620 2541 1733 2598 Christo
1756 2543 1785 2598 lu

87 2632 203 2689 mittens
217 2632 291 2703 quod
305 2637 384 2686 tuum
400 2630 455 2686 sibi
479 2631 616 2701 scriptum
633 2633 664 2688 in
678 2631 805 2687 uonltuio
819 2631 908 2686 desti·
962 2631 1055 2702 noble,
1071 2633 1108 2688 lte
1123 2639 1233 2703 satagas
1247 2629 1371 2701 abolere,
1388 2635 1418 2686 ut
1433 2646 1485 2686 nos
1497 2630 1527 2685 ln
1543 2629 1598 2687 boc
1606 2630 1787 2688 devotionern

85 2736 180 2789 ueras,
197 2719 271 2792 quod
296 2720 357 2790 lpse
379 2718 454 2791 apud
484 2735 514 2775 se
543 2719 681 2775 secretius
709 2719 855 2788 retineret,
881 2725 909 2776 ct
960 2726 1040 2779 tuam
1062 2719 1184 2794 experiri
1204 2720 1357 2792 possimus,
1379 2728 1406 2777 et
1427 2736 1484 2775 nun
1507 2735 1643 2789 cogamur
1671 2730 1788 2791 propter

87 2809 248 2866 secundum
273 2807 343 2865 illud
368 2809 403 2864 ad
429 2808 659 2865 reiormstlonem
685 2809 765 2879 pacis
789 2807 909 2865 fideliter
961 2811 1016 2868 boc
1032 2811 1138 2882 aliquid
1150 2825 1232 2879 egere
1253 2809 1327 2880 quod
1347 2809 1398 2866 tibt
1420 2810 1511 2881 possit
1531 2823 1596 2864 nese
1620 2809 1785 2879 molestum,

87 2899 238 2957 laboraret.
251 2899 485 2969 Procedenscrgo
500 2913 565 2954 com
578 2898 689 2954 nuntiis
703 2898 761 2955 tuis
775 2899 908 2970 usquead
962 2900 1029 2973 quia
1043 2906 1295 2973 quantumcunque
1305 2897 1389 2955 nobis
1405 2898 1556 2955 molestum
1572 2897 1707 2955 existeret
1724 2900 1788 2956 talu

87 2989 772 3062 regniterminum,perveuitmlcastrumquod
794 2994 910 3044 vocatur
961 2991 1057 3061 aliquo
1079 2988 1241 3053 molestare,
1270 3003 1329 3044 uon
1354 3002 1504 3058 possemus
1534 2995 1591 3043 tam
1621 3003 1787 3058 perversum

88 3080 171 3147 llevc,
183 3077 231 3135 ubi
251 3078 456 3135 solobanubio
474 3079 761 3149 montemaureum
781 3078 908 3149 nareae
963 3085 1127 3148 exemptum
1146 3077 1310 3149 relinquere
1330 3077 1531 3147 incorrectum,
1554 3083 1583 3131 et
1606 3077 1787 3146 propositum

86 3186 103 3226 s
118 3168 303 3240 bulgarorum
319 3166 635 3240 prosterneremur,
652 3165 749 3222 multis
760 3182 826 3223 cum
840 3181 906 3222 cnm
962 3166 1182 3241 contremescat
1196 3165 1729 3238 ammoniaceoartmestefie-eset,
1742 3168 1785 3223 nl·

23 3302 26 3308 t
85 3257 226 3315 desiderio
241 3256 471 3329 exspectantibus
486 3272 520 3312 ex
542 3256 633 3311 altere
657 3265 745 3326 parte,
770 3257 820 3312 sed
844 3257 909 3327 post
961 3258 1119 3315 bilomiuus
1133 3271 1332 3330 exsequamur.

85 3346 171 3405 unlus
187 3346 286 3413 lteram
302 3345 371 3412 diet,
384 3345 501 3403 nautius
516 3353 579 3401 tuos
589 3360 623 3400 er
634 3345 779 3416 insperato
790 3345 908 3415 recapit,
996 3345 1208 3417 scriptumest,
1223 3343 1410 3419 sullragauels
1423 3342 1628 3414 Strigonleusls
1640 3343 1788 3419 Ecclesia,

86 3436 145 3511 qui,
156 3451 223 3495 cum
236 3435 419 3505 testinatione
431 3434 553 3507 mexlppo
569 3432 726 3501 venientes,
741 3433 797 3489 sibl
811 3439 857 3490 et.
875 3476 882 3490 .
899 3473 907 3488 .
961 3438 992 3492 ut
1007 3435 1098 3506 ipsam
1115 3449 1204 3503 repam
1218 3431 1253 3507 od
1269 3432 1319 3489 toc
1334 3440 1464 3490 marmot
1487 3434 1628 3501 curatius,
1654 3442 1682 3488 ct
1704 3434 1789 3490 indc-

87 3527 221 3597 episcopo
236 3524 367 3595 Bulgaro,
380 3524 530 3587 transitum
545 3522 673 3593 lacerum
691 3521 811 3583 omnino
836 3539 908 3595 pre·
961 3536 1038 3592 aaut,
1054 3529 1079 3581 ct
1094 3524 1166 3580 tatas
1180 3539 1209 3578 ss
1222 3525 1297 3581 circa
1307 3525 1446 3596 nepottam
1464 3523 1547 3591 istud,
1564 3523 1642 3580 omui
1655 3526 1750 3595 pratia
1764 3533 1791 3580 st

87 3613 176 3681 cludi,
192 3629 225 3670 es
242 3616 322 3682 parte
337 3612 413 3684 regia
432 3615 635 3685 proponentes,
655 3617 685 3667 ut
707 3611 742 3667 ed
766 3611 908 3683 quoddam
962 3617 1058 3672 timore
1070 3612 1239 3686 postpositis,
1255 3608 1387 3677 extitere
1399 3615 1564 3684 procurent,
1575 3613 1648 3685 quod
1662 3612 1749 3670 sidem
1760 3621 1789 3669 et

89 3710 171 3767 tuum
188 3702 328 3773 predium
346 3701 572 3773 retentaturus
589 3699 910 3778 itiuapetriumdiarurp
962 3704 1156 3768 devotionem,
1178 3718 1263 3775 quem
1288 3718 1354 3775 erge
1376 3709 1495 3758 matram
1519 3717 1601 3757 suam
1624 3705 1784 3759 ltomouaru

89 3792 242 3863 reliqueret
253 3791 313 3863 iam
329 3798 392 3862 post
412 3797 532 3861 tergum,
547 3789 643 3863 ibique
658 3804 773 3855 morans
790 3789 910 3861 Domino
961 3790 1119 3850 Ecclesiam
1136 3788 1400 3860 beberelcuentur,
1417 3789 1445 3849 in
1464 3806 1550 3862 opere
1565 3805 1788 3863 cognoscemus.

86 3881 274 3952 Bnlgerorom
286 3878 465 3953 pernumiae
476 3877 746 3953 demandaret,quod
758 3878 793 3937 ad
805 3895 910 3957 quam·
999 3882 1062 3957 llaec
1074 3879 1170 3945 sedala
1180 3878 1236 3951 tait
1247 3878 1401 3936 iacere-tosa
1412 3881 1442 3936 irs
1458 3878 1560 3939 titteris
1574 3878 1613 3935 od
1620 3878 1789 3957 praedictum

86 3972 150 4029 dam
167 3968 290 4027 insulam
307 3968 425 4026 tostinus
439 3968 598 4034 accederet,
614 3967 644 4023 iu
659 3965 787 4031 conssnlo
798 3968 910 4025 consti·
962 3986 1054 4047 repsm
1069 3969 1251 4026 transmissis.

88 4066 190 4128 tutem,
202 4066 232 4124 nt
248 4057 287 4121 ibi
311 4058 391 4129 prins
419 4057 454 4113 de
483 4055 676 4123 controversia
705 4070 768 4131 quae
796 4054 912 4111 rertltur
998 4057 1073 4132 (354)
1090 4080 1104 4109 «
1121 4056 1219 4114 Mitius
1235 4064 1263 4114 et
1278 4055 1437 4128 benegnius
1454 4054 1505 4112 tibi
1520 4056 1686 4131 scribimus,
1705 4073 1792 4129 quana

88 4150 164 4207 luter
179 4164 226 4206 ros
240 4146 324 4219 plene
339 4153 535 4216 cognosceret,
551 4149 658 4217 etcum
674 4144 730 4204 line
744 4142 840 4205 debito
855 4151 911 4203 ter·
964 4171 979 4200 a
1000 4146 1113 4221 instans
1124 4146 1244 4219 materia
1259 4144 1423 4217 postularet,
1440 4162 1476 4202 ne
1492 4146 1555 4221 quis
1581 4145 1655 4202 lorte
1679 4145 1791 4203 litteras

90 4239 223 4295 minaret.
240 4235 320 4295 alins
329 4235 403 4308 (346)
418 4237 444 4309 ci
459 4235 595 4301 transitus
618 4250 676 4305 nan
700 4237 824 4309 pateret.
847 4234 911 4306 lpse
966 4258 982 4292 s
1001 4244 1112 4294 acures
1126 4235 1284 4308 inspiciens
1303 4235 1456 4291 estimaret
1477 4234 1642 4317 apostolica
1658 4235 1734 4292 sadis
1750 4235 1791 4292 la·

90 4343 157 4387 vero
169 4324 325 4385 cardinalis
338 4326 413 4383 inter
428 4324 517 4397 multa
528 4323 687 4403 respondit,
701 4322 776 4397 quod
794 4322 847 4380 boc
860 4321 911 4379 teti
965 4347 981 4378 e
1000 4340 1097 4383 vorem
1112 4322 1163 4381 tlbi
1178 4339 1241 4382 esse
1257 4322 1446 4394 subtractum,
1461 4323 1536 4393 qnod
1561 4323 1659 4395 utiquc
1674 4323 1791 4381 utilitati

90 4419 176 4477 modo
190 4416 285 4485 iscam
299 4415 502 4485 uuudebctrst,
527 4421 587 4485 tum
608 4413 684 4491 qula,
706 4414 732 4473 ei
755 4427 820 4489 euru
844 4428 910 4483 curu
969 4438 984 4469 a
1005 4430 1039 4472 ac
1063 4414 1166 4487 bouori
1180 4420 1229 4469 tuo
1244 4411 1411 4469 nullatenus
1433 4411 1589 4487 expediret,
1612 4410 1678 4485 quia
1701 4411 1792 4469 multa

91 4508 256 4580 hujusmodi
284 4505 465 4580 pactionibus
493 4504 632 4577 reciperet
660 4504 694 4561 ad
711 4503 808 4577 melfis
823 4501 912 4571 ubera
927 4474 954 4545 D
971 4526 985 4555 a
1005 4508 1084 4583 gesta
1099 4509 1178 4573 suut,
1195 4508 1223 4558 et
1237 4507 1376 4575 geruntur
1390 4499 1421 4556 iu
1437 4516 1524 4573 regno
1541 4506 1600 4567 tuo,
1615 4516 1688 4572 qun,
1704 4501 1728 4557 si
1742 4501 1792 4558 de-

91 4599 270 4666 redauutem,
287 4611 352 4655 cum
368 4609 452 4667 super
465 4593 520 4663 hoc
535 4609 593 4651 oon
609 4598 666 4663 tent
679 4591 911 4669 saeculttequam
969 4612 982 4644 s
1002 4592 1174 4665 ducerentur
1187 4591 1222 4648 ad
1242 4589 1354 4661 limam,
1376 4590 1583 4647 correctionem
1606 4597 1793 4663 exposcerent

90 4686 236 4758 spirituale
251 4685 395 4756 negotium
406 4689 547 4755 ageretur,
572 4682 714 4759 sideretpr
739 4681 912 4745 intervenire
968 4704 981 4736 a
1001 4679 1172 4755 graviorem,
1188 4695 1246 4753 non
1262 4677 1357 4737 solum
1373 4679 1408 4735 de
1423 4684 1488 4741 voto
1504 4686 1562 4744 tuo,
1587 4677 1720 4750 ceptione
1735 4679 1793 4736 lra-

89 4776 199 4849 species
213 4773 382 4833 simoniace
395 4771 550 4847 pravitatis,
566 4778 626 4847 tum
651 4770 718 4847 quie
739 4785 797 4849 non
818 4778 913 4844 posset
967 4794 983 4825 a
1004 4779 1093 4840 terna,
1109 4773 1138 4827 ct
1152 4766 1340 4827 electionibus
1351 4765 1544 4838 praelatorum,
1557 4766 1605 4825 sed
1619 4767 1705 4823 etism
1720 4766 1794 4825 mul-

90 4881 157 4922 eum
171 4864 344 4936 compellere
359 4863 394 4919 sd
410 4861 516 4934 aliquid
534 4859 709 4928 laciendum,
725 4859 817 4916 douae
838 4857 912 4916 obli·
967 4884 982 4913 a
1003 4861 1039 4917 tls
1054 4856 1129 4929 eliis,
1144 4857 1228 4930 quiae,
1245 4872 1282 4912 nc
1293 4855 1414 4912 nimium
1426 4855 1606 4913 conturberis
1619 4855 1654 4911 ad
1666 4872 1793 4927 praescus

91 4961 173 5025 gatus
187 4959 259 5010 esset
282 4949 446 5023 apostolicae
468 4946 530 5004 sedi
551 4960 602 5018 por
624 4943 774 5003 uinculum
793 4946 914 5018 speciata
967 4972 982 5002 a
1003 4948 1137 5005 duximus
1147 4944 1349 5018 supprimenda
1363 4945 1449 5016 (355).
1466 4944 1616 5001 Providens
1638 4959 1706 5015 ergo
1727 4946 1791 5014 tibi,

90 5042 176 5118 (347).
188 5040 279 5111 Unde,
293 5056 359 5099 com
376 5038 465 5097 nollet
480 5037 516 5094 ab
532 5037 657 5107 incoepto
672 5033 910 5093 ltiuereratroirs.
967 5062 983 5092 a
1003 5054 1040 5097 ne
1055 5038 1084 5093 iu
1099 5052 1162 5092 eam
1179 5039 1208 5091 te
1224 5032 1420 5092 dillicultetem
1436 5032 1567 5103 inducas,
1592 5033 1627 5090 de
1652 5049 1708 5106 qua
1732 5050 1790 5091 non

89 5132 221 5207 protinus
234 5129 301 5187 exiit
316 5129 441 5186 edictum
462 5143 479 5182 a
497 5124 602 5183 comite
623 5122 725 5191 Csstd.
748 5125 823 5197 quod
847 5124 911 5199 qul·
969 5151 983 5181 a
1003 5126 1097 5183 valeas
1110 5123 1277 5194 expedire·

137 5293 200 5363 eto)
211 5290 280 5347 Cod.
297 5288 363 5345 Pod.
380 5288 429 5345 cit.
443 5303 460 5342 a
476 5286 605 5352 saluata,
622 5284 717 5341 alter.
1003 5283 1165 5356 tebllflest.
1179 5282 1274 5356 plone.
1423 5352 1429 5365 ⁸

138 5364 202 5436 347)
218 5363 293 5418 Gest.
307 5359 467 5417 arietante.
1003 5356 1114 5429 (352·3)
1129 5355 1206 5413 Gest.
1222 5355 1335 5411 aacwrs
1348 5352 1477 5410 Domino.

126 5435 204 5502 (348)
218 5434 318 5503 sayna
331 5432 394 5499 due,
411 5432 462 5487 loc.
477 5432 525 5486 cit.
1006 5426 1079 5492 (354)
1094 5424 1203 5485 Rursus
1218 5422 1396 5508 Rapualdus.
1762 5447 1766 5454 =

128 5506 204 5575 (343)
220 5505 297 5560 (lest.
312 5504 399 5572 repta.
1005 5498 1080 5571 (355)
1094 5498 1140 5555 Sic
1154 5499 1184 5556 ln
1199 5500 1303 5566 Gestis,
1319 5503 1347 5552 et
1360 5495 1435 5568 apud
1460 5494 1599 5565 llspnald.
1630 5495 1661 5551 ln
1692 5511 1791 5569 apogr.

129 5579 205 5651 (350)
219 5576 362 5632 Hactenus
377 5570 550 5643 Rayneldus.
968 5569 1062 5641 conti,
1078 5567 1270 5645 aspamam
