3780 6000
62 268 121 327 αδ
557 268 816 329 mammertus
832 274 934 330 esso
950 274 1025 338 vm.
1043 278 1186 335 censeat
1206 279 1285 336 1205.
1725 282 1780 340 oio

63 398 161 453 stram
171 390 372 460 citaverimus,
383 395 494 449 certem
504 392 588 450 vobis
605 392 730 450 turmam
744 395 899 453 scribendo
913 401 939 466 Α
953 400 1001 458 cti
1013 417 1098 473 saper
1121 402 1282 476 iujusmuii
1294 405 1431 476 petitione
1443 421 1499 462 non
1522 405 1655 463 debebant
1669 406 1777 462 aarlirir

63 484 233 544 mundam
246 498 335 555 quarn
352 482 434 538 robis
447 482 632 539 intendimus
647 483 797 555 providere
809 530 817 555 ,
830 484 897 542 licet
950 492 1007 559 sed,
1022 509 1086 549 cum
1109 495 1298 552 roslitulimris
1312 494 1435 567 pralium
1460 499 1630 569 impetrasset
1642 543 1648 559 .
1662 511 1778 569 paratus

64 574 190 631 undem
207 570 588 628 duosdetrstribusvealris
601 573 746 628 adsedem
759 573 897 647 spostoli-
950 582 1117 653 cisiustilise
1139 584 1346 657 plenitudinem
1365 584 1507 642 extitere.
1531 586 1585 642 Nos
1609 588 1708 658 icitur,
1724 590 1776 645 uni

60 680 126 723 um
144 660 326 731 direxeritis,
353 660 424 731 quis
438 666 535 717 lamen
559 662 732 718 asserebant
755 680 787 719 se
808 681 898 737 super
950 672 1073 741 pralium
1096 675 1223 731 etalteri
1236 675 1378 749 iustitiam
1401 675 1680 748 retinuerimus,
1704 680 1775 737 dicto

60 754 119 813 buo
136 769 196 810 non
213 752 321 808 habero
337 752 526 819 mandatum,
543 753 579 807 ad
596 755 736 822 maiorem
753 754 896 812 cautelam
950 762 1050 818 allati
1064 763 1157 821 Sancti
1175 765 1289 834 Attaioi,
1303 764 1352 836 qui
1365 765 1677 837 pradictomeorlesiam
1688 772 1775 826 nostri

62 843 93 901 in
110 843 180 916 59⁸⁰
197 839 895 914 ⁰08015⁰¹¹0⁰diminuillf⁰⁰0dssss¹lu¹sssledfld
950 851 1052 908 detinet
1076 856 1241 911 auctoritate
1262 855 1399 920 multati,
1415 872 1465 928 per
1490 857 1645 927 apostolica
1670 862 1774 929 scriptu

63 948 188 992 omnem
210 929 409 988 excusationis
431 931 580 985 materiam
606 932 808 1000 auterendam,
829 950 896 990 eoae
949 942 1128 1011 morndumus,
1152 951 1291 1017 camenus
1306 945 1466 1016 prodictam
1480 947 1624 1001 ecclesiam
1646 965 1683 1003 ec
1695 958 1775 1019 parte

62 1038 145 1080 nunc
160 1019 661 1092 tertioperemptoricvcscitamus,
674 1022 896 1092 parapostolics
948 1036 1045 1087 nostra
1069 1035 1162 1104 nepoti
1175 1033 1314 1101 supertisti
1339 1035 1502 1090 situnensis
1524 1037 1648 1107 episcopi
1668 1054 1774 1094 rerem.

63 1111 149 1170 ῐῡδῑθ
163 1110 273 1182 ”iliu
285 1109 480 1182 lli2⁰lll³0⁰d⁰
492 1110 677 1176 millum·
689 1116 833 1180 (iustitium
845 1129 896 1169 ¹1⁸·
948 1121 1111 1178 mentatum
1125 1139 1143 1178 a
1157 1120 1235 1178 sotis
1250 1122 1381 1194 ursmari,
1396 1125 1455 1189 tta,
1470 1124 1541 1198 quoa
1556 1126 1613 1196 ipse
1626 1133 1774 1197 prouentus

63 1217 124 1276 que
138 1200 177 1257 ad
194 1200 301 1255 testum
315 1197 415 1255 Sancti
427 1197 579 1254 Michaelis
597 1199 729 1270 proximo
738 1204 894 1258 venturum
948 1224 984 1264 ee
997 1210 1179 1267 ecclesiastici
1192 1211 1412 1268 recommendata
1424 1212 1573 1284 percipiat,
1590 1218 1776 1286 eampuesine

61 1307 116 1365 per
130 1287 477 1363 procuratoresirlcneos‚
490 1286 540 1358 qui
553 1287 669 1358 plenem
681 1289 834 1361 superbos
845 1288 895 1347 hs·
946 1299 1117 1370 praeiudirio
1142 1299 1249 1372 prioris
1262 1304 1289 1356 rt
1303 1309 1451 1358 conuentus
1465 1301 1498 1357 de
1515 1303 1624 1359 Tincm.
1639 1305 1774 1363 custodiat

64 1381 136 1437 bant
147 1379 335 1451 potestatem,
345 1380 445 1432 nostro
456 1392 507 1433 vos
520 1376 691 1448 conspectui
699 1378 892 1449 praesentetis.
947 1389 974 1443 et
987 1386 1128 1458 paternet.
1153 1389 1301 1460 Postquam
1315 1399 1407 1445 autem
1420 1390 1543 1446 mentem
1565 1390 1711 1449 ecetesiam
1725 1395 1772 1451 ot.

64 1467 218 1542 Alioquin,
233 1471 350 1532 extunc,
367 1464 444 1521 sicut
458 1464 577 1521 divinus
590 1464 676 1522 nobis
691 1466 894 1540 motusinges·
948 1476 1068 1532 tinuerit
1090 1479 1350 1546 recommendatam,
1371 1495 1427 1543 uos,
1452 1479 1578 1551 partitus
1601 1482 1769 1552 contineatis,

65 1558 148 1624 serit,
164 1555 254 1612 eliam
269 1555 351 1611 vobis
362 1553 546 1625 absentibus,
559 1555 892 1629 laueateDomino,prc·
945 1565 1081 1632 uuomtis,
1097 1575 1154 1622 mm
1165 1583 1249 1639 super
1261 1569 1425 1640 possessorio
1434 1584 1517 1640 quam
1532 1584 1615 1639 super
1627 1570 1769 1642 petitorio,

65 1648 218 1704 sodomum
946 1673 1009 1730 que
1030 1656 1140 1730 tuerint
1155 1657 1297 1715 tincinste
1321 1661 1472 1731 proposita,
1493 1664 1519 1716 et
1533 1661 1616 1717 Deum
1640 1662 1769 1719 tabentes

99 1740 209 1792 Dtlum
227 1734 337 1802 ΗΘΜ,
353 1750 390 1789 ¹V
406 1731 549 1789 1(ᾶῖθῦὒῦ
562 1730 653 1790 Junii-
905 1766 930 1833 B
944 1761 1006 1817 prae
1020 1747 1122 1816 oculis,
1137 1747 1245 1804 sublato
1255 1749 1400 1820 cuiuslilret
1407 1750 1634 1807 contradictionis
1644 1754 1669 1806 et
1676 1753 1771 1823 appel·

406 1819 461 1876 Lx·
482 1821 553 1892 (2³3)
944 1834 1059 1892 lationis
1072 1835 1222 1903 obstaculo,
1250 1837 1322 1909 quod
1340 1837 1450 1910 iustam
1463 1840 1550 1911 {amit
1570 1841 1708 1908 statuatis,
1723 1843 1767 1912 sa·

63 1929 239 1972 eracemum
250 1928 395 1969 sareanen.
408 1927 443 1967 er
458 1952 465 1965 .
483 1951 490 1967 .
509 1954 516 1969 .
532 1927 633 1966 ssasrt
650 1926 841 1979 arcesrnaust,
856 1930 891 1969 nr
942 1924 1056 1997 dentes,
1071 1934 1121 1983 ete.
1138 1926 1169 1982 si
1183 1943 1236 1998 qua
1251 1942 1314 1984 uero
1328 1929 1450 1998 pansum
1471 1970 1478 1984 .
1500 1969 1507 1984 .
1530 1928 1640 1985 .nullis
1666 1929 1768 1985 litteris
1787 1918 1790 1923 ’

288 1999 670 2085 “””“““,ο”9”“”8,1”
742 2071 748 2083 ,
787 2071 793 2084 ,
882 2076 889 2090 ‚
941 2013 1131 2083 irritatius.
1148 2016 1339 2088 (luodsinon
1353 2031 1472 2072 omnes.
1496 2055 1503 2071 .
1526 2060 1532 2074 .
1552 2017 1768 2090 lu,t‘raterepi·

64 2079 104 2132 Do
117 2074 214 2133 soom
224 2077 390 2143 aroumento
404 2089 472 2128 acon
480 2072 716 2145 epistolalrupuscc
725 2072 792 2128 loiri
800 2078 890 2131 octaua

406 2145 444 2200 33
460 2144 545 2215 (234.)

341 2235 411 2307 (svn
427 2234 489 2289 Kal.
506 2232 612 2302 lunii.)

95 2323 377 2383 Meminimusrobis
385 2325 441 2379 sub
450 2323 506 2379 hoc
518 2325 611 2378 torma
621 2322 734 2379 litterae
745 2323 888 2396 apostuli-

59 2431 111 2473 cae
126 2415 295 2470 destinssea
310 2457 319 2479 ,
335 2412 413 2484 quad
430 2410 563 2467 videlicet
576 2428 688 2482 prooem
703 2414 784 2469 notis
794 2413 888 2471 dilecti

940 2192 1081 2250 omnibus
1103 2192 1249 2266 iudicium
1274 2198 1320 2251 est
1342 2210 1509 2262 commune,
1533 2211 1585 2267 per
1610 2195 1768 2267 apostolica

939 2281 1024 2339 vobis
1040 2283 1150 2354 scripta
1166 2284 1353 2350 mandamus,
1365 2288 1523 2355 quatenus,
1540 2284 1673 2357 nisipsrs
1686 2290 1768 2341 utra·

939 2388 997 2443 que
1012 2373 1203 2443 consenserit,
1219 2378 1252 2428 ut
1267 2389 1319 2446 por
1332 2389 1384 2429 voe
1395 2373 1481 2446 juxta
1496 2374 1621 2430 lcrmam
1634 2375 1765 2446 prescri-

940 2118 1034 2174 soope,
1049 2120 1114 2160 cam
1137 2120 1235 2161 eorum
1250 2103 1355 2171 allero,
1370 2114 1422 2161 cto.
1447 2105 1521 2172 Quis
1538 2122 1607 2161 vero
1632 2111 1766 2163 nostrum
1878 2116 1882 2125 “

58 2502 129 2577 stit.
146 2545 155 2561 .
172 2544 180 2559 .
194 2518 277 2575 prior
288 2505 318 2557 et
331 2505 479 2558 conuentus
494 2505 530 2558 ae
547 2503 692 2558 tinemut..
705 2505 886 2559 transmisere

57 2594 214 2667 puniam,
229 2591 310 2662 quod,
328 2608 390 2648 cum
402 2592 523 2646 Ecclesia
545 2591 578 2646 aa
597 2590 730 2647 Wdetorn
750 2593 886 2663 pertinent

58 2684 99 2740 ad
108 2683 350 2756 presentationem
365 2697 496 2751 ipsarum,
510 2680 676 2736 eerreaoitis
689 2683 781 2752 trater
793 2692 887 2738 noster

59 2814 69 2831 .
82 2815 89 2829 .
108 2814 116 2829 .
132 2770 326 2827 Dunelmensis
336 2785 487 2842 episcopor,
498 2773 557 2842 pasl
567 2771 792 2826 reclamationem
803 2776 884 2842 etap-

57 2863 240 2937 ,allationem
261 2863 296 2917 at
310 2863 351 2917 eis
364 2860 400 2915 orl
414 2876 463 2916 nos
478 2859 680 2929 interpositam,
703 2862 835 2916 dilectum
848 2862 884 2931 fi·

59 2952 145 3021 liuns,
157 2960 282 3023 nepotem
293 2950 459 3007 uenerabilis
471 2948 573 3022 fratris
588 2949 686 3016 nostri,
701 2951 726 3006 l.
743 2949 884 3006 Aloancn·

57 3044 99 3100 sis
112 3041 246 3114 episcopi,
270 3042 447 3111 presumpsit
465 3040 609 3095 instituere
633 3039 665 3094 in
678 3039 784 3105 eadem,
806 3055 883 3095 occa·

56 3133 139 3190 mone
151 3130 296 3200 cuiusdam
309 3132 398 3186 nostri
412 3129 548 3193 mandati,
563 3129 638 3201 quoa
652 3134 763 3200 propter
772 3133 883 3186 tacimm
896 3121 919 3190 C

56 3224 205 3281 veritam
222 3221 325 3276 nuruit
338 3219 371 3276 ie
384 3225 457 3276 certa
471 3220 588 3274 scientia
606 3221 739 3287 reuocari,
756 3224 884 3291 quamuis

56 3311 210 3388 prolutus
222 3312 312 3383 prior,
326 3311 440 3381 propter
454 3307 563 3363 litteras
572 3308 798 3364 comminatorias
812 3327 883 3368 ara·

56 3401 184 3460 ceratiti
194 3403 381 3470 tratrenostro
397 3440 404 3453 .
421 3439 428 3452 .
446 3439 453 3453 .
471 3397 887 3469 stiensiepisropo‚auctorttate

57 3491 268 3550 nostrastilecto
282 3490 360 3560 filio.
378 3528 405 3543 ..
421 3487 517 3544 albuli
526 3487 741 3556 Sanctiltlroni,
752 3488 884 3561 directas,

55 3599 123 3640 cem
135 3582 255 3653 pretato
271 3575 453 3635 llunelmeasi
461 3577 597 3650 episcopo,
607 3578 812 3636 contradicente
820 3595 884 3636 con·

56 3679 153 3737 unta,
168 3684 217 3740 per
229 3668 339 3724 litteras
356 3667 478 3738 ejusdcm
500 3667 610 3723 ablatis
622 3670 669 3723 sui
688 3675 798 3725 conaus
810 3685 884 3742 prae·

56 3760 180 3818 mlaoil
193 3760 221 3814 el
234 3755 351 3823 inuitus,
367 3760 417 3823 ita,
433 3756 503 3830 quod
526 3756 578 3812 alti
592 3760 803 3823 presentationi
816 3775 883 3816 oon·

56 3851 158 3908 rodus
172 3863 315 3919 nunquam
325 3846 411 3903 voluit
422 3845 557 3902 adnitere
569 3848 794 3911 nnsesrsumpso
803 3847 885 3920 peni·

60 3944 108 3995 lats
131 3935 313 3994 contradixit.
341 3936 431 3999 carte,
456 3935 624 4008 suppliciter
644 3937 832 4009 postulabunt,
857 3945 887 3995 ut

58 4029 138 4102 qood
152 4027 248 4084 taliter
261 4029 351 4082 amum
364 4029 457 4096 tuerat
467 4027 655 4100 rtipnaremar
668 4024 888 4085 irrevocabiliter

938 2466 1018 2535 ptam
1037 2467 1233 2518 memoratum
1245 2462 1395 2535 negotium
1407 2462 1590 2530 terminetur,
1599 2480 1651 2520 voa
1666 2463 1765 2535 appel-

937 2544 1047 2603 latione
1062 2553 1185 2615 remcla,
1202 2550 1347 2622 usquead
1365 2549 1510 2606 calculum
1526 2550 1682 2607 defirritive
1697 2568 1765 2607 sen·

936 2636 1036 2692 tentis
1051 2637 1251 2708 procedentes,
1264 2654 1381 2694 oausam
1393 2638 1573 2695 sullicienler
1589 2639 1764 2696 instructam

937 2725 973 2780 etl
990 2729 1122 2782 nostrum
1140 2725 1272 2783 reseratis
1288 2743 1422 2794 examen,
1434 2728 1619 2800 praefigentes
1630 2728 1764 2799 partibus

936 2814 1096 2871 terminum
1111 2820 1334 2887 competentem,
1345 2832 1404 2888 quo
1415 2821 1573 2888 receptura
1586 2817 1762 2873 senteutiam

936 2909 1037 2963 nostro
1053 2922 1085 2961 se
1099 2905 1269 2976 conspectui
1288 2910 1507 2976 representem.

972 2995 1090 3066 Datum,
1105 3011 1163 3052 xvu
1179 2995 1327 3053 Kalendas
1339 2995 1433 3051 lunii.

975 3084 1114 3156 Scriptum
1128 3090 1169 3141 est
1184 3084 1284 3140 abbati
1307 3085 1405 3140 Sancti
1421 3083 1534 3147 Albini,
1551 3092 1582 3139 ul
1596 3083 1763 3154 praedictam

938 3174 1104 3241 ecclesiam,
1121 3191 1209 3247 quom
1220 3173 1312 3230 nostri
1324 3173 1436 3230 detinet
1445 3173 1619 3230 auctoritate
1631 3175 1761 3229 mandati

937 3281 972 3321 ex
986 3270 1068 3336 porta
1083 3268 1184 3320 nostro
1208 3263 1308 3335 nepoti
1323 3262 1482 3335 sepedicti
1506 3262 1680 3318 Albenensis
1700 3264 1761 3334 epi-

938 3355 1030 3425 scopi,
1050 3352 1095 3410 vel
1119 3352 1301 3426 procuratori
1325 3352 1429 3427 ipsius,
1452 3352 1721 3408 recommendatam
1745 3370 1762 3408 n

939 3443 1024 3502 nobis
1039 3442 1178 3517 assignet.

973 3534 1114 3604 Scriptum
1127 3530 1277 3589 esteliom.
1291 3572 1298 3586 .
1315 3573 1321 3587 .
1335 3531 1456 3601 Eliensi,
1467 3535 1497 3587 rt
1511 3573 1517 3586 .
1529 3572 1536 3586 .
1550 3530 1758 3587 .Dunelmensi

938 3619 1097 3694 episcopis,
1112 3628 1144 3675 ut
1157 3618 1182 3674 si
1197 3619 1364 3675 abbaraam
1377 3618 1418 3674 illi
1429 3619 1581 3692 assignare
1592 3618 1761 3691 neglexerit,

939 3709 997 3784 ipsi
1009 3726 1075 3766 enm
1091 3708 1244 3781 assignent
1259 3707 1365 3764 eidem.

1270 3843 1334 3899 uxr
1354 3841 1437 3912 (ossi

943 3976 950 3992 .
968 3976 976 3991 .
997 3947 1159 3993 .srrscoro
1174 3933 1249 4002 (236)
1267 3973 1274 3987 .
1292 3972 1300 3987 .
1318 3973 1324 3986 .
1340 3946 1450 3988 nemun
1465 3949 1498 3986 rr
1521 3948 1661 3989 sscrsrao
1676 3948 1702 3988 a.
1718 3947 1766 3988 cs·

1154 4019 1259 4063 norico
1274 4020 1551 4061 ercnssausuetsus.

59 4117 192 4175 irritare.
212 4117 319 4184 imum,
335 4116 451 4171 dilutus
466 4115 553 4187 filias,
573 4116 736 4190 Wrscordas,
751 4133 885 4189 procura·
941 4114 979 4171 lle
990 4113 1141 4186 prrclrensla
1165 4111 1195 4168 in
1212 4113 1341 4195 licclesia·
1352 4115 1384 4167 ut
1400 4111 1442 4194 S..
1458 4110 1616 4167 Willrltaldr'
1638 4113 1766 4167 Bremen.

60 4213 106 4265 lor
119 4205 270 4264 memorali
283 4206 389 4275 nepotis
398 4205 521 4276 episcopi
530 4206 706 4270 olonnensis,
716 4208 886 4265 coromtiilc·
1142 4184 1253 4240 D‘m‘d‘
1272 4186 1371 4240 “ww
1386 4183 1564 4285 W‘fnandff·

59 4308 102 4356 eu
116 4297 187 4367 sno.
198 4296 231 4351 u.
245 4294 344 4351 nass
357 4295 498 4350 aurate·
509 4293 628 4350 aneso
640 4295 793 4359 sosarnus.
807 4313 887 4369 pacm
1227 4273 1287 4345 (nv
1300 4271 1361 4328 ΚΕ)
1377 4272 1482 4345 Junl¹=l

59 4387 88 4445 si
101 4384 284 4444 cmocssimas
298 4384 464 4450 saniorem,
479 4387 632 4454 proposuit,
648 4385 731 4457 quod,
744 4385 887 4455 cumipse,
976 4389 1115 4460 [Litteras
1129 4393 1241 4445 vestras
1255 4389 1433 4461 accepimus,
1448 4404 1498 4461 per
1508 4404 1575 4461 quos
1590 4388 1667 4443 notis
1676 4389 1766 4453 sipni·

58 4474 252 4550 praelermisso
275 4474 346 4541 iuris
365 4472 473 4543 citime,
493 4474 592 4542 inisset
610 4475 667 4543 iam
690 4472 764 4529 elicto
778 4475 891 4540 ecclam
906 4488 930 4553 ῃ
943 4481 1028 4551 poure
1051 4480 1171 4534 curastis
1195 4478 1279 4548 (237),
1305 4479 1394 4550 quod,
1417 4493 1485 4533 cum
1511 4493 1563 4550 pro
1583 4476 1682 4532 dilecto
1697 4478 1766 4547 filio,

60 4583 114 4641 per
127 4562 294 4621 uiolentiam
306 4564 605 4635 spoliatas,anteqsam
617 4567 799 4625 restitutionis
807 4571 888 4630 bene·
944 4568 1070 4636 Daniele
1082 4566 1187 4623 clerico
1200 4567 1285 4623 vobis
1296 4565 1514 4638 scripserimus,
1527 4569 1556 4620 ul
1569 4582 1635 4621 cum
1648 4566 1684 4621 de
1695 4583 1767 4636 prrs-

61 4656 159 4726 flcism
172 4653 318 4720 oblineret,
338 4653 369 4707 in
382 4653 582 4724 praejuoirian
597 4655 656 4726 ejus
668 4660 892 4730 pretatimona·
944 4659 1040 4716 bande
1053 4657 1177 4715 eclesie
1198 4657 1272 4730 (238)
1297 4657 1395 4713 Sancti
1414 4656 1490 4730 (239)
1510 4656 1677 4713 Willoltattli
1699 4661 1767 4714 Bre-

97 4779 211 4854 (2331ιι
228 4777 396 4849 spcarspho
411 4777 506 4847 Conti,
523 4781 556 4833 ri
574 4781 660 4846 cutura
676 4780 764 4839 lidem
780 4785 889 4848 episto·
944 4783 992 4840 hic
1007 4783 1092 4837 uncia
1106 4781 1221 4838 inclusa
1235 4784 1324 4849 sunl;
1339 4780 1426 4836 varie
1442 4779 1580 4837 lectiones
1594 4781 1713 4836 dantur.

62 4853 123 4911 lam
138 4850 349 4907 hancexscribi
361 4852 542 4913 curavimus,
554 4850 662 4925 legitur
672 4854 701 4909 ia
713 4858 830 4927 megine
840 4875 891 4915 no·
990 4855 1055 4922 236)
1068 4854 1142 4911 Vide
1155 4852 1311 4926 epistolem
1328 4852 1395 4908 libri
1411 4852 1507 4920 uuicti
1522 4853 1566 4922 ll,
1583 4860 1642 4908 not.

60 4925 126 4982 tuls
142 4924 217 4980 isla:
233 4939 296 4988 osp.
308 4922 493 4988 lleminimas,
505 4923 749 4996 Deeppollatione
764 4929 891 4999 :quibus
990 4928 1054 4993 237)
1069 4926 1135 4982 lisa
1149 4927 1179 4982 in
1196 4922 1336 4982 Decretsl.
1353 4925 1471 4991 desunt,
1488 4940 1552 4995 quas
1570 4941 1635 4980 mox
1651 4925 1682 4980 u.
1702 4928 1768 4979 tsn-

61 4997 162 5053 rerb‘a
177 4998 350 5058 Aaantstor,
371 4995 586 5066 qualiscunque
608 4997 705 5066 luerit,
727 4998 889 5068 Epistulam
944 5005 1007 5056 tum
1023 4999 1134 5054 habent
1148 5015 1199 5068 pro
1215 4997 1266 5053 dit.
1283 4999 1303 5066 l.
1323 4997 1353 5052 tt.

61 5068 140 5127 banc
156 5067 233 5122 inter
246 5065 410 5122 Decrelsles
426 5067 546 5131 reperiri
563 5069 687 5125 inuuere
701 5069 830 5128 voluisse
845 5072 889 5128 vi·
980 5070 1054 5137 (238)
1068 5068 1205 5125 Dormiat.
1230 5068 1332 5142 legunt
1345 5070 1471 5134 rorante,
1486 5071 1515 5122 et
1538 5083 1604 5122 mox
1621 5067 1769 5125 llniscarsli

61 5142 284 5206 (letaniarum
309 5138 402 5202 illam,
417 5139 446 5193 in
461 5139 668 5201 Decretslium.
694 5158 743 5198 seu
761 5144 891 5213 generali
944 5158 997 5215 pro
1016 5140 1182 5196 Willrltatii.

61 5213 255 5284 Gregoriana,
266 5227 318 5267 seu
335 5210 474 5281 peculiari
486 5212 889 5284 Innocentianaoollcolione,
984 5214 1059 5281 (239)
1073 5212 1121 5269 Sic
1135 5211 1329 5281 scototopitur
1339 5211 1367 5266 in
1384 5227 1416 5266 ιιι
1426 5208 1768 5279 οι)1ιοιῑοιιι.ριιιιιιιιη

63 5286 175 5342 lanam
192 5284 444 5353 investitivimus·
943 5289 964 5339 3
992 5283 1124 5343 Unicarrli
1143 5284 1218 5338 ines
1233 5299 1298 5349 aue
1321 5288 1367 5337 est
1390 5282 1559 5338 Raimnnrti.
1585 5282 1715 5337 Ecclesia
1737 5282 1767 5338 S.

100 5357 176 5429 (23⁴)
193 5356 263 5413 Vide
288 5356 364 5413 hanc
377 5355 545 5428 epistolam,
560 5360 590 5412 et
610 5372 674 5429 que
690 5355 731 5412 ibi
750 5362 891 5416 saccula
944 5354 1114 5412 willoboldi
1124 5355 1301 5423 Bremensie,
1312 5358 1427 5411 estune
1437 5354 1598 5409 dedusbus
1608 5353 1770 5419 collegiatis

65 5434 148 5485 ΝΜ·
944 5426 1095 5491 Ecclesiis,
1120 5444 1194 5498 quas
1209 5443 1263 5484 suo
1287 5430 1408 5494 sumptu
1430 5424 1562 5479 laudavit
1583 5425 1768 5495 Adolbrrtua,

102 5499 179 5568 (235)
191 5497 323 5570 epistota
345 5497 407 5554 heo
434 5499 590 5569 reperitur,
606 5501 656 5556 sed
683 5500 800 5561 mutila.
814 5500 892 5558 inter
944 5498 1113 5555 Bremensis
1128 5498 1380 5583 archiepiscopus,
1391 5495 1767 5565 preposituraeuenomms-

64 5570 244 5636 Denselatae,
260 5568 312 5626 lib.
332 5587 374 5636 ιιι,
391 5571 437 5627 tit.
454 5572 481 5641 8,
498 5573 720 5628 consessione
734 5573 892 5645 praeienoloe
944 5576 1000 5633 tes.
1017 5571 1093 5636 asturi
1112 5579 1300 5641 prepositum
1318 5585 1369 5637 pro
1384 5568 1515 5625 antistite
1532 5568 1681 5624 haberent.
1698 5570 1768 5623 soa·

69 5652 98 5702 sl
110 5643 248 5701 Ecclesia
262 5658 319 5700 non
339 5645 474 5717 somniis,
485 5660 548 5717 asp.
564 5644 592 5700 9.
601 5644 669 5710 Qun
680 5645 741 5703 illic
751 5645 892 5721 leguntur
944 5645 1189 5712 martranensis,
1208 5641 1262 5700 ltu.
1276 5658 1321 5711 ιιι,
1333 5656 1404 5714 cau.
1427 5639 1483 5694 tit
1496 5639 1640 5711 «sigitur,
1656 5637 1787 5705 mm
