3780 6000
116 230 170 287 663

573 224 782 281 innocense
802 224 841 277 111
860 220 915 274 Pe.
935 217 1184 276 ssflssroeuu
1202 223 1269 277 tls.
1288 218 1362 275 vltt.

1755 216 1827 272 '66⁴

118 361 148 413 et
163 371 227 428 qaas
241 371 258 410 s
272 350 416 424 principio
434 353 567 422 poterant
581 349 616 405 de
631 347 708 404 facili
728 342 942 409 consummari,
959 342 985 410 Α
1001 343 1042 397 tia
1057 343 1144 398 fuerit
1160 345 1317 417 postulent,
1343 359 1395 416 per
1414 343 1552 400 dilectum
1569 340 1714 400 illium...
1740 340 1831 398 abbe·

121 445 210 517 longa
226 442 413 516 postmodum
425 439 565 495 dilatione
576 454 732 512 suspensa,
745 451 848 508 graves
859 434 948 488 inter-

122 536 192 591 dum
208 538 237 588 ct
251 531 386 587 difficiles
398 529 493 585 eritas
505 528 681 584 habuerant.
699 527 779 582 lstud
792 529 890 579 autem
904 523 948 576 di·

123 623 219 680 lectus
235 622 324 686 illius,
350 619 383 674 H.
400 617 624 690 argentinensis
651 617 760 673 electus
777 615 875 686 (368²),
894 628 949 667 non

125 712 276 769 modicum
305 708 510 773 reformidans,
527 723 585 762 uon
601 706 666 761 sine
693 705 785 760 multo
800 702 900 758 labore
914 700 949 754 ad

125 800 313 873 presentiam
331 803 459 853 nostram
477 795 610 866 accessit,
625 795 710 850 uobis
726 797 890 849 reverenter
905 790 950 844 in·

21 926 25 931 -
127 891 249 947 sinuans
274 888 365 960 quod,
390 903 457 941 oum
483 886 623 942 canonice
647 884 736 939 fuerit
760 884 795 938 de
817 880 950 936 unanimi

126 977 277 1035 voluntate
300 978 369 1031 cleri
394 982 424 1031 et
446 974 545 1046 populi
570 975 599 1028 in
624 973 794 1045 episcopum
821 969 951 1041 Argenti-

131 1083 251 1124 neusem
268 1065 378 1122 electus
396 1108 403 1131 ,
419 1064 636 1120 communicato
653 1064 775 1117 fratrum
793 1075 911 1116 suorum
925 1062 954 1114 et

132 1156 309 1229 prudentum
327 1155 455 1209 virorum
478 1152 610 1223 consilio,
629 1153 663 1208 ad
681 1148 877 1207 venerabilem
895 1150 952 1202 fre·

130 1250 206 1301 trem
224 1240 954 1314 nostrum,tt.(369).Remenscrnerchiepiscopum,

130 1339 241 1390 sancte
256 1334 392 1388 Romane
407 1332 541 1388 Ecclesice
557 1329 747 1393 cardinalem,
764 1335 835 1385 tunc
846 1331 956 1401 episcc-

129 1439 200 1496 pum
218 1423 422 1487 Prmnestium,
440 1421 467 1475 in
484 1420 616 1492 partibus
637 1418 786 1475 Teutouiae
802 1419 956 1491 legationis

129 1510 259 1568 ofllcium
277 1516 471 1577 exercentem,
483 1517 512 1564 et
527 1511 561 1563 ad
573 1515 611 1573 te,
628 1525 678 1578 pro
690 1507 955 1564 electionisconllr·

132 1601 261 1655 matioue
272 1599 412 1671 speciales
424 1600 543 1654 nuntios
554 1598 719 1665 destinavit,
733 1597 957 1668 qualiberaliter

1004 438 1062 489 tem
1078 435 1114 490 de
1129 439 1259 508 Bongart
1273 436 1358 507 (370),
1375 434 1509 506 quemad
1527 440 1555 489 te
1566 444 1685 507 propter
1699 432 1828 489 boccum

1005 524 1114 579 uostris
1127 524 1233 580 litteris
1249 525 1417 592 destinavit,
1430 530 1462 579 at
1473 539 1612 579 securum
1625 523 1767 578 ducatum
1778 522 1829 578 tibi

1005 618 1167 687 prestaret,
1184 619 1212 671 et
1228 615 1256 669 in
1273 616 1338 686 ejus
1353 615 1573 670 consecratione
1588 618 1731 686 tanquam
1755 628 1830 667 unus

1006 714 1241 759 consecratorum
1258 709 1367 759 astaret
1382 724 1388 771 ;
1406 718 1530 772 cumque
1546 702 1623 757 idem
1639 701 1751 757 electus
1765 716 1828 756 ver·

1007 792 1075 847 bam
1092 798 1176 848 taam
1194 809 1283 864 super
1297 793 1352 849 boo
1366 793 1467 848 devote
1484 791 1637 864 receperit,
1654 791 1692 846 ab
1708 790 1773 863 ipsc
1785 806 1830 846 ar-

1006 881 1193 954 chiepiscopo
1208 899 1259 955 per
1275 881 1411 937 nuntium
1423 879 1649 937 dittaenrtssime
1665 878 1830 951 postulavit,
1878 938 1880 955 Ι

1009 976 1041 1026 ut
1056 977 1114 1028 lain
1132 970 1264 1043 petitioni
1280 977 1436 1042 tamquam
1449 986 1509 1026 suae
1521 969 1677 1041 superhoc
1692 970 1832 1039 preberet

1008 1078 1163 1117 assensum
1176 1079 1183 1129 ;
1200 1060 1247 1116 sed
1266 1059 1293 1115 id
1306 1062 1342 1115 ab
1354 1075 1387 1115 co
1398 1077 1455 1115 non
1474 1061 1569 1132 putuit
1579 1058 1833 1130 aliquetenusim-

1009 1157 1135 1223 petrare.
1152 1150 1251 1215 Unde,
1281 1150 1359 1205 idem
1390 1150 1500 1205 electus
1529 1149 1583 1203 tibi
1614 1165 1666 1219 per
1692 1146 1832 1203 clericum

1009 1245 1106 1309 tuum,
1123 1241 1173 1312 qui
1193 1245 1264 1295 tanc
1284 1241 1384 1295 aderet
1399 1255 1497 1293 secum
1514 1253 1655 1309 praesens,
1672 1240 1701 1293 et
1722 1235 1833 1292 litteras

1011 1328 1169 1399 intimavit,
1185 1330 1260 1400 quod
1278 1328 1515 1401 archiepiscopus
1530 1327 1593 1400 lpse
1607 1327 1748 1382 ducatum
1764 1325 1833 1394 tibi,

1011 1419 1088 1475 sicut
1104 1419 1239 1491 petieras,
1269 1422 1409 1489 praestarc
1426 1434 1481 1472 uon
1509 1420 1618 1489 posset,
1645 1422 1674 1471 et
1698 1415 1761 1487 ipse
1786 1430 1834 1487 ps·

1012 1514 1095 1564 ratus
1110 1513 1171 1564 eret
1187 1508 1222 1564 ad
1240 1506 1336 1564 locum
1353 1523 1489 1562 securum
1507 1507 1655 1572 accedere,
1667 1521 1756 1577 quem
1768 1509 1799 1559 tu
1811 1505 1836 1558 ei

1012 1604 1130 1672 propter
1144 1598 1197 1652 troc
1212 1597 1334 1652 duceres
1351 1596 1572 1668 prefigendum,
1583 1595 1633 1650 sed
1645 1612 1662 1650 a
1676 1600 1706 1650 te
1718 1608 1838 1666 respon·

133 1688 254 1747 euobis
272 1688 400 1755 obtenta,
428 1693 628 1760 postmodum,
653 1704 720 1742 eum
744 1687 822 1743 idem
848 1686 957 1742 electus
974 1704 1078 1771 psum
1104 1686 1220 1758 aliquod
1248 1703 1304 1740 non
1331 1687 1452 1756 accepit.
1478 1686 1557 1741 ldcm
1584 1684 1675 1756 igitur
1697 1681 1838 1739 electasa

136 1793 234 1848 pen...
259 1777 395 1832 abbatem
413 1777 448 1832 do
470 1776 602 1832 Sturzelb
618 1776 704 1846 (369),
728 1783 757 1830 et
781 1776 865 1846 alius,
892 1793 958 1831 cum

136 1864 243 1920 litteris
252 1866 385 1933 ejusdem
398 1864 497 1936 legati,
513 1865 663 1920 humiliter
672 1881 704 1920 ac
716 1871 879 1921 reverenter
890 1866 958 1921 fece·

138 1954 177 2008 rit
192 1960 219 2008 te
234 1955 341 2023 rogari,
358 1960 390 2008 ut
405 1956 430 2008 ei
447 1955 676 2010 consecrationis
692 1954 866 2011 beneficiam
879 1955 960 2011 exbi-

138 2041 231 2107 bcres,
258 2052 286 2097 ta
312 2045 336 2098 ei
365 2060 416 2114 per
430 2049 495 2098 tuas
519 2041 631 2099 litteras
656 2042 845 2113 respondisti,
871 2044 959 2115 quod,

136 2131 347 2187 deliberatione
359 2132 959 2204 prehabita,diemcietlocumcougruum

136 2222 312 2290 assignares,
330 2221 364 2275 ad
379 2237 467 2292 quem
484 2225 543 2275 tam
562 2220 611 2274 tibi
629 2237 716 2290 quum
734 2220 760 2275 ei
776 2238 897 2276 securus
911 2239 961 2294 pe-

134 2314 209 2365 teret
223 2310 474 2380 accessus‚ibique
486 2315 557 2364 tunc
572 2309 656 2364 illum
673 2310 701 2364 in
718 2311 962 2382 episcopumcon·

135 2415 277 2455 serrares.
304 2399 418 2454 Electus
433 2403 544 2463 eutem,
563 2400 757 2471 promissione
784 2405 834 2454 tue
848 2399 961 2455 diutius

136 2493 313 2559 exspectate,
330 2505 400 2543 suos
415 2488 450 2543 ad
467 2492 494 2542 te
511 2488 631 2542 nuutios
646 2487 751 2542 itereto
766 2488 881 2556 direxit,
899 2487 959 2560 qui,

135 2575 205 2632 licet
220 2577 247 2630 in
265 2577 370 2631 itinere
387 2576 831 2649 lueruntspolioti,adtetamen
849 2578 962 2650 pedites

74 2716 78 2721 .
139 2665 332 2721 nibilominus
358 2673 567 2736 pervenerunt,
592 2667 842 2722 consecrationem
867 2667 962 2738 ipsius

138 2754 263 2810 sollicite
280 2755 472 2826 postulantes.
490 2756 532 2810 Tu
549 2771 616 2810 vero
633 2798 641 2821 ,
657 2757 692 2810 ad
710 2757 880 2811 instantium
901 2762 960 2812 tam

140 2844 224 2901 electi
240 2861 329 2916 quem
346 2845 517 2900 nuntiorum
529 2845 837 2917 ipsius‚diemeiupud
850 2847 963 2901 Auder-

141 2949 258 2997 nacum,
274 2935 303 2989 in
331 2934 479 2989 llominice
503 2952 560 3005 qua
585 2938 720 2989 cantatur
736 2933 823 2991 Oculi
850 2936 913 2998 mei,
931 2933 961 2989 in

1015 1776 1099 1834 nobis
1122 1773 1273 1830 humiliter
1288 1773 1445 1847 postulavit
1472 1781 1512 1840 ut,
1529 1774 1605 1845 quod
1622 1790 1638 1828 a
1658 1777 1688 1829 te
1702 1773 1736 1827 ad
1762 1788 1837 1843 pre·

1015 1883 1083 1923 sens
1098 1865 1229 1921 obtinere
1240 1881 1296 1918 non
1312 1869 1435 1936 poterat,
1452 1863 1476 1918 ei
1488 1862 1717 1919 misericorditer
1725 1861 1839 1931 impen-

1015 1957 1083 2013 dere
1098 1953 1302 2027 dignaremur:
1323 1954 1495 2023 presertim,
1512 1969 1577 2009 cum
1593 1956 1628 2008 do
1645 1950 1839 2008 retardatione

1015 2043 1245 2102 consecrationis
1261 2043 1366 2113 ipsius,
1380 2041 1586 2113 argentinensi
1600 2040 1745 2107 Ecclesie,
1761 2039 1838 2096 clero

1015 2140 1044 2188 et
1061 2131 1168 2205 populo
1183 2132 1274 2187 totius
1290 2131 1490 2202 episcopatus,
1505 2131 1601 2186 multa
1614 2129 1801 2203 provenerint
1812 2132 1839 2183 el

1015 2224 1113 2280 adhuc
1126 2223 1299 2296 proveniant
1313 2222 1499 2277 detrimenta.
1520 2221 1577 2277 Nos
1594 2230 1704 2287 autem,
1717 2224 1776 2275 tuac
1790 2235 1837 2275 vo·

1016 2311 1289 2368 lenteslraternitsti
1306 2311 1472 2378 deterre,ad
1481 2309 1731 2366 consecrationem
1745 2308 1839 2382 ipsias

1017 2419 1073 2457 noo
1089 2402 1229 2456 duximus
1252 2400 1481 2471 procedendum,
1496 2400 1588 2455 donec
1603 2401 1639 2454 de
1655 2400 1697 2454 rei
1714 2401 1793 2454 serie
1807 2412 1840 2453 eu

1015 2490 1165 2546 voluntate
1180 2488 1677 2560 tuapcrtuasredderemurlitteras
1690 2490 1838 2543 certiores.

1017 2581 1142 2652 Ideoque
1168 2579 1342 2634 fraternitati
1377 2584 1432 2632 tue
1462 2595 1514 2650 per
1537 2577 1701 2650 apostolica
1730 2578 1840 2649 scripta

1016 2668 1211 2742 precipiendo
1228 2667 1416 2733 mandemus,
1430 2673 1578 2736 quatenus
1595 2684 1646 2739 per
1659 2665 1776 2722 litteras
1786 2681 1841 2721 me·

1018 2776 1079 2814 ram
1104 2762 1133 2812 et
1161 2757 1323 2828 simplicem
1347 2756 1430 2812 nobis
1451 2756 1598 2828 significes
1624 2756 1789 2823 veritatem,
1812 2759 1840 2810 ct

1017 2852 1098 2902 tuum
1115 2847 1202 2900 otiam
1219 2845 1399 2901 voluntatem
1412 2862 1549 2918 exponas,
1566 2843 1841 2901 utomnibusintct·

1018 2936 1101 2991 lectis
1116 2952 1205 3006 super
1220 2935 1286 3012 boc⁴
1302 2942 1387 3006 prout
1400 2936 1535 3007 expedire
1547 2935 1728 3003 noverimus,
1745 2950 1844 3007 prooe-

34 3060 38 3067 -
142 3039 219 3078 anno
236 3025 391 3094 praeterito,
415 3024 570 3094 assignati,
595 3024 770 3093 promittens
786 3028 814 3080 te
830 3024 869 3078 ibi
893 3041 963 3079 con·
1017 3026 1142 3093 damus;
1158 3025 1289 3080 sciturus
1314 3041 1365 3096 pro
1382 3030 1460 3081 certo
1475 3025 1564 3098 quod,
1582 3025 1607 3080 si
1624 3025 1841 3097 procedendum

138 3111 311 3167 secretionis
332 3113 356 3165 ei
382 3112 554 3166 beneficium
581 3112 797 3185 impensurum.
828 3113 960 3184 Cumque
1017 3115 1187 3169 duxerimus
1203 3115 1238 3169 ad
1255 3112 1504 3169 consecrationem
1517 3112 1622 3187 ipsius,
1637 3113 1740 3169 honori
1755 3117 1844 3168 tacet

137 3199 214 3254 idem
232 3200 341 3255 clectus
357 3200 392 3254 ad
419 3200 512 3255 locum
530 3200 626 3270 ipsum
644 3201 691 3255 die
707 3205 818 3256 statuto
839 3209 960 3273 paratus

136 3294 216 3345 esset
230 3290 378 3356 accedere,
394 3288 507 3345 litteras
522 3295 578 3346 tuse
590 3291 783 3346 fraternitatis
796 3293 917 3362 accepit,
931 3293 959 3347 in

137 3380 246 3452 quibus
258 3385 285 3435 te
297 3378 398 3436 arduis
411 3381 603 3451 prepeditum
618 3380 746 3453 negotiis
757 3383 922 3449 asserebas,
932 3385 961 3437 et

136 3468 202 3523 ideo
218 3485 276 3523 non
293 3485 378 3539 posse
396 3469 430 3523 ad
446 3468 522 3524 diem
540 3471 720 3540 assignatum
744 3470 891 3539 accedere,
911 3487 962 3528 nec

137 3557 262 3613 termino
287 3559 405 3629 praefixo
430 3576 480 3628 pro
505 3560 736 3615 consecrationis
761 3577 880 3617 munere
906 3561 961 3617 im·

139 3646 294 3717 pendendo
310 3664 370 3702 suae
388 3648 557 3703 satisfacere
573 3648 726 3704 voluntati.
750 3649 879 3705 Processi
894 3666 962 3706 vero

139 3738 291 3807 temporis,
308 3736 514 3805 idemelectus‚
523 3753 640 3809 gravem
650 3738 705 3794 sibi
717 3742 746 3793 et
758 3737 892 3794 llcclesiae
902 3756 963 3795 sue

1011 3202 1073 3274 juri
1089 3201 1270 3258 sufficienter
1285 3200 1455 3256 curabimus
1472 3202 1631 3272 providere.

1053 3295 1170 3358 Datum,
1186 3306 1237 3345 vm
1253 3290 1322 3345 Idus
1336 3289 1427 3358 lunii,
1443 3307 1520 3347 anuo
1535 3296 1646 3347 octavo.

1395 3397 1465 3455 XCI.

1096 3504 1279 3544 consuamus
1295 3504 1329 3543 tlt
1344 3504 1455 3544 eoeutu
1471 3505 1576 3545 monete
1593 3503 1758 3546 essentem.

1018 3580 1049 3637 tt
1065 3593 1120 3634 nen
1135 3579 1287 3646 irnpediont
1301 3579 1528 3635 constructionem
1544 3577 1662 3635 oratorii
1675 3577 1776 3634 Sancti
1785 3577 1843 3651 Spi-

1140 3652 1213 3706 ritus
1228 3651 1327 3722 (370²),
1350 3650 1469 3718 epistole
1493 3650 1717 3706 comrriinntorio.

1301 3740 1345 3810 (ιιι
1361 3739 1434 3795 Νοη.
1452 3739 1558 3805 lunii.)

139 3825 242 3880 videus
257 3825 410 3881 imminere
424 3827 551 3891 ruinam,
569 3829 621 3895 ite,
637 3829 711 3897 quod
726 3828 859 3884 homines
870 3831 962 3899 regio·
1052 3829 1113 3885 Nou
1131 3828 1194 3885 sine
1209 3827 1309 3883 dolore
1325 3828 1490 3893 referimus,
1508 3845 1560 3882 nec
1572 3829 1635 3885 siue
1651 3829 1840 3901 puderenar·

140 3915 186 3970 uis
201 3914 282 3969 itlius
304 3916 332 3968 in
349 3932 428 3985 oum,
445 3917 617 3987 prepositos
640 3923 669 3972 et
694 3919 822 3984 abbates,
848 3923 876 3972 et
890 3918 962 3975 alios
1017 3934 1118 3973 ramus
1135 3918 1211 3988 quod
1228 3918 1350 3989 quidam
1363 3917 1559 3989 inreprobum
1571 3919 1842 3986 sensumdati,teu·

138 4003 259 4059 clericos
276 4021 381 4058 manus
398 4005 518 4073 injicere
535 4022 592 4060 non
604 4006 750 4071 timerent,
768 4011 919 4061 sumentes
929 4024 963 4062 ox
1018 4022 1105 4078 quam
1120 4003 1217 4077 lmpii,
1228 4004 1289 4076 qui,
1302 4023 1366 4060 cunr
1380 4006 1550 4060 venerintin
1564 4007 1743 4078 profundum
1756 4009 1839 4063 vitio·

138 4108 172 4147 eo
189 4094 390 4162 perversitatis
406 4093 571 4163 audaciam,
588 4096 664 4164 quod
684 4095 761 4148 idem
778 4093 889 4151 electus
907 4112 961 4150 non
1018 4110 1095 4162 rum,
1112 4095 1551 4157 contemiiunt,edif1cetionem
1569 4095 1688 4150 oratorii
1704 4096 1838 4152 Fratrum

138 4187 215 4237 esset
227 4181 365 4251 pastorali
376 4183 515 4252 praeditus
525 4183 679 4253 dignitate,
689 4184 724 4238 ad
737 4184 835 4239 sedem
847 4189 963 4256 aposto·
1018 4182 1277 4254 hospitalistlancti
1286 4183 1423 4255 Spiritus.
1432 4189 1840 4252 contrenostrumstetutum,

138 4268 225 4326 licam
243 4271 381 4326 nuntium
397 4272 566 4340 destinavit,
584 4271 748 4342 postulans,
765 4273 793 4327 in
805 4273 859 4328 hac
875 4291 964 4330 causa
1018 4272 1430 4345 imopotiusccntradivinnm
1446 4273 1630 4339 mandatum,
1642 4273 1841 4346 multipliciter

141 4360 197 4415 sibi
212 4363 242 4413 et
256 4359 461 4430 Argentinensi
479 4359 624 4423 ecclesie,
640 4364 727 4431 quus
744 4367 851 4430 status,
862 4364 961 4418 tamin
1020 4362 1164 4435 impedire
1180 4361 1325 4430 nituntur,
1343 4378 1400 4417 nou
1421 4362 1605 4418 attendentes
1621 4379 1711 4435 quam
1728 4365 1769 4421 sit
1783 4366 1841 4420 im·

141 4447 348 4518 spiritualibus
363 4464 450 4518 quam
467 4449 692 4520 temporalibus,
704 4451 873 4506 incurrebat
888 4451 961 4506 assi·
981 4437 1003 4501 ll
1021 4453 1102 4523 pium
1118 4455 1147 4506 et
1158 4449 1292 4522 iniquum
1305 4451 1563 4523 nequiteroperari
1575 4458 1676 4508 contra
1687 4455 1840 4527 operapic·

143 4538 200 4592 dire
215 4538 437 4603 detrimentum,
455 4555 506 4609 per
528 4539 736 4611 benignitatem
754 4539 833 4595 sedis
847 4545 963 4612 aposto·
1019 4541 1099 4608 tatis,
1124 4557 1199 4612 qun,
1217 4541 1379 4595 secundum
1404 4540 1591 4613 Apostolum,
1614 4543 1840 4614 promissionem

144 4623 207 4679 lica
234 4624 379 4695 provideri
399 4644 406 4692 ς
424 4625 470 4680 rui
490 4626 604 4681 litteras
623 4629 658 4682 ad
677 4636 701 4683 te
725 4629 761 4683 de
785 4629 965 4700 benignitate
1020 4630 1108 4685 hebet
1121 4629 1197 4695 vite,
1215 4645 1277 4700 quio
1294 4646 1371 4685 nuuc
1387 4635 1442 4695 est,
1469 4630 1577 4700 pariter
1591 4637 1619 4687 et
1636 4633 1752 4688 future.
1770 4633 1841 4698 Quia

144 4720 265 4784 paterna
281 4714 492 4775 concessimus.
503 4720 611 4771 irtcum
628 4718 657 4772 in
674 4718 850 4789 competenti
865 4716 927 4774 loeo
938 4723 967 4774 et
1021 4736 1087 4775 ιηηι
1103 4718 1437 4792 tantmpresamptionis
1452 4718 1783 4779 audaciusculeeiastica
1794 4723 1842 4780 tle·

143 4806 207 4858 tuto
221 4806 265 4856 vel
284 4803 311 4856 in
331 4818 454 4873 persona
476 4805 593 4876 proprie
608 4822 805 4871 consecrares,
821 4805 865 4861 vel
887 4808 964 4863 lnce·
1020 4809 1069 4865 bet
1084 4808 1239 4865 severitate
1260 4810 1389 4874 retundi,
1411 4826 1473 4876 nos,
1490 4826 1525 4864 cx
1540 4816 1622 4880 parte
1645 4811 1843 4887 Deiomnipo-

139 4907 185 4946 res
202 4908 252 4962 per
267 4889 340 4946 ulios
364 4897 538 4948 consecrari.
555 4898 594 4948 't'u
613 4913 688 4960 vero,
714 4914 780 4950 cam
809 4913 897 4967 super
910 4896 965 4952 hoc
1020 4899 1233 4964 tertrametro,
1249 4899 1359 4968 estitit,
1376 4898 1538 4969 etSpiritus
1554 4901 1658 4966 suncti,
1671 4903 1844 4958 auctoritate

138 4980 253 5037 litteras
270 4987 386 5036 nostras
408 4984 564 5053 receperis,
580 4986 660 5038 stab
676 4985 739 5055 ipso
754 4987 847 5041 electo
862 5002 965 5041 conse·
1020 5003 1136 5059 qumque
1152 4975 1511 5059 beatorumapcstclorum
1520 4990 1597 5043 Petri
1613 4988 1742 5057 etPsuli,
1755 4992 1841 5048 simul

137 5072 229 5128 cratio
246 5086 300 5124 sue
315 5085 382 5125 cum
400 5070 491 5126 multa
505 5088 622 5142 precum
640 5079 668 5129 et
679 5075 843 5132 devotionis
855 5075 965 5131 instan·
1019 5094 1053 5133 ac
1069 5084 1180 5140 nostre,
1196 5076 1487 5135 excommunicamus
1511 5081 1539 5133 et
1560 5080 1844 5138 anathematizamus

177 5340 263 5411 (368)
279 5338 351 5394 Vide
367 5338 522 5407 epistolem
538 5337 605 5393 libri
621 5339 714 5395 octavi
730 5340 759 5405 8,
774 5344 835 5396 not.

178 5411 253 5478 (369)
270 5411 341 5466 Vide
355 5410 509 5479 epistolam
526 5410 594 5465 libri
611 5412 729 5482 septimi
746 5413 808 5467 116.

179 5483 263 5553 (369)
281 5483 363 5538 Forte
371 5482 704 5543 Yteolcricumnomine,
717 5499 803 5553 quem
813 5484 967 5539 enucl200

145 5561 309 5609 memorant
324 5560 459 5610 auctores
470 5571 550 5610 nove
562 5553 661 5611 Gultioe
674 5553 880 5621 traiecisset.
892 5556 964 5626 lllll,

1020 5343 1384 5486 c⁰¹:379tlll7ltideepistularu
1399 5413 1467 5471 libri
1482 5416 1578 5473 octavi
1593 5417 1622 5482 8,
1638 5422 1700 5474 not.

1067 5486 1143 5558 ³70')
1160 5486 1232 5542 Vide
1248 5486 1403 5559 epistolam
1418 5486 1484 5544 libri
1502 5488 1574 5545 sexti
1592 5488 1653 5546 107.
