3788 6022
154 256 225 313 “2⁴07
622 252 832 310 ebriocensis
850 253 889 305 111
908 251 962 304 PP.
982 244 1229 304 RBGBSTORUM
1247 246 1315 300 tta.
1336 247 1385 299 Xi.
1793 249 1859 303 1408

149 383 256 448 olesiae,
270 381 301 438 in
318 397 376 454 quo
394 381 467 437 torte
485 378 552 452 plus
567 378 666 436 debito
683 381 734 433 tuo
748 375 889 433 duximus
904 371 980 428 defe-
993 374 1022 443 Α
1036 368 1201 442 impendas.
1215 368 1293 425 Licet
1305 368 1396 440 igitur
1411 368 1440 423 in
1457 368 1619 438 premissis
1635 373 1719 426 tuam
1731 372 1860 429 devotio·

149 475 275 532 rendum
292 472 406 540 honori,
418 487 478 527 nou
490 471 612 543 quidem
625 472 658 525 ut
673 465 916 526 consuetudinem
928 479 980 534 ap·
1035 475 1103 516 nem
1113 458 1272 532 plurimum
1284 463 1481 530 acceptemus,
1492 458 1678 517 attendentes
1688 466 1792 518 tamen
1807 479 1859 520 noo

152 564 345 637 probaremus
361 561 504 632 iniquam,
521 559 572 616 scd
588 575 624 615 nc
645 557 707 630 juri
736 560 787 613 tuo
814 555 981 611 videremur
1035 556 1095 605 tem
1109 547 1193 605 nobis
1204 564 1292 620 quam
1304 548 1358 604 tibi
1373 549 1497 605 existere
1511 547 1706 606 honorificum
1723 555 1758 608 ut
1773 558 1860 624 perte

152 651 341 725 aliquatenus
353 650 504 722 derogare,
517 646 689 719 majorijam
700 660 735 703 ex
744 648 826 718 parte
836 644 872 700 ab
882 642 981 698 incon·
1033 638 1100 710 ipsa
1113 636 1224 712 regalia
1235 638 1433 710 conferantur,
1447 637 1635 695 serenitatem
1650 639 1766 712 regiam
1777 657 1859 714 roga·

155 739 232 799 sulto
248 738 396 813 proposito
411 742 441 794 et
455 735 620 810 improvido
634 734 757 792 oonsilio
769 731 980 804 recessisti(ll)
1034 744 1101 784 mus
1116 728 1259 784 attentius
1268 732 1298 785 et
1313 726 1490 801 propensius
1500 727 1705 796 exhortamur,
1717 731 1748 785 in
1761 732 1858 788 remis·

156 847 208 904 per
221 828 362 886 dilectum
379 827 474 883 illium
503 826 638 883 abbatem
661 823 801 894 Bolliloci‚
827 836 978 896 perquem
1033 816 1208 873 sionemtibi
1224 816 1427 890 peccaminum
1443 816 1633 890 injungentes
1645 824 1799 890 quatenns
1810 820 1859 879 bor

153 917 331 991 apostolatui
348 922 448 972 nostro
458 914 606 987 arripuisti
622 916 654 971 ut
668 929 776 985 eaquae
786 911 871 969 nobis
886 914 978 968 extus
1033 906 1119 963 uobis
1133 905 1294 963 liberaliter
1306 908 1449 964 concedas
1459 906 1490 962 in
1501 907 1613 964 donum
1625 915 1657 963 nt
1670 909 1859 981 perteipsum

150 1009 417 1081 partoproponcret
431 1005 632 1071 crederemus,
662 1000 804 1059 liberalite
831 999 979 1057 offerendo
1033 1002 1194 1053 memorato
1211 995 1430 1069 archiepiscopo
1440 996 1682 1069 pressurogstis
1696 996 1859 1071 largiendo,

148 1094 435 1169 quodlicetinipso
453 1093 614 1166 negotiola
636 1096 754 1165 reputes
778 1088 979 1161 multipliciter
1032 1085 1159 1142 debitam
1174 1085 1210 1143 ab
1225 1101 1259 1142 eo
1275 1085 1415 1142 fidelitate
1445 1085 1581 1158 recipias,
1606 1086 1719 1144 nostris
1749 1088 1781 1144 in
1811 1090 1860 1145 boc

146 1186 333 1258 aggravatur,
350 1184 387 1239 ob
403 1182 591 1239 devotionem
608 1186 707 1240 tamen
734 1183 763 1236 et
785 1179 977 1236 reverentiam
1032 1174 1860 1248 potissimumconsiliissequiescensmagnificentia·toa

148 1290 237 1348 quam
252 1289 322 1346 erga
337 1273 502 1329 Romanam
518 1271 680 1329 Ecclesiam
696 1273 888 1341 nostramque
911 1284 978 1341 per·
1031 1264 1243 1337 absqucdubio
1250 1264 1422 1336 profuturis.
1431 1265 1571 1338 Jamcrgo
1582 1265 1618 1321 de
1629 1268 1860 1326 mansuetudine

152 1380 256 1421 sonam
272 1361 382 1419 asseris
397 1365 426 1418 te
438 1361 558 1428 babere,
584 1364 704 1433 paratus
730 1375 760 1416 ss
780 1357 977 1416 venerabilem
1031 1353 1122 1428 regali
1137 1353 1243 1425 securi,
1255 1358 1284 1410 st
1299 1353 1335 1409 de
1345 1352 1440 1425 ipsius
1450 1353 1666 1427 ambiepiscopi
1678 1356 1862 1428 providentia

152 1454 271 1510 tratrem
288 1456 424 1510 nostrum
439 1451 617 1524 Stephanum
632 1450 871 1508 cantuariensem
882 1447 977 1504 archi·
1031 1459 1089 1499 non
1114 1442 1227 1514 incerti,
1255 1442 1353 1515 ipsum
1379 1448 1408 1499 et
1430 1442 1674 1501 Cantuarieusem
1701 1445 1861 1503 Ecclesiam

149 1537 976 1616 episcopums.tt.urardinslomsioutorchispiscopum
1031 1531 1861 1604 summoDsoetinipsotibiiiducialitercommendamus

146 1631 390 1689 Cantnariensem
405 1629 536 1703 recipere
544 1635 573 1686 et
583 1633 717 1695 tractare,
727 1626 856 1700 prestita
866 1627 979 1683 securi·
1031 1625 1184 1694 sperantes
1199 1626 1228 1678 et
1242 1637 1294 1693 pro
1310 1625 1389 1677 certo
1404 1624 1537 1678 tenentes
1565 1623 1645 1693 quod
1675 1638 1753 1696 erga
1778 1628 1808 1680 te
1835 1641 1860 1681 se

147 1725 207 1777 tate
222 1725 282 1776 tam
300 1719 358 1776 sibi
373 1734 466 1793 quam
482 1719 625 1790 suisque
640 1718 675 1772 ad
690 1714 814 1774 bocrisa
827 1715 978 1788 fueritop-
1032 1710 1120 1768 talem
1136 1710 1272 1767 exhibere
1287 1709 1412 1779 curabit,
1427 1710 1506 1783 quod
1522 1714 1604 1767 tuam
1616 1711 1677 1769 sibi
1694 1728 1734 1768 ex
1760 1715 1861 1771 merito

147 1814 284 1882 portona,
294 1813 322 1865 ot
330 1807 549 1865 restitutionem
557 1805 718 1880 plenariam
734 1804 897 1863 ablatorum
909 1821 977 1878 pro·
1032 1800 1215 1871 comparebit
1231 1799 1355 1872 gratiam
1371 1804 1400 1856 et
1413 1799 1552 1869 favorem,
1563 1815 1597 1858 ac
1611 1801 1641 1858 in
1656 1817 1764 1859 rerum
1779 1818 1861 1874 expe·

149 1899 271 1955 mittens
288 1896 424 1970 personis
453 1895 564 1968 pariter
591 1899 619 1951 et
643 1893 775 1952 ecclesiis
800 1893 977 1950 taciendam.
1033 1890 1158 1947 cimento
1171 1905 1330 1962 cognosces
1344 1906 1434 1961 quam
1449 1890 1774 1951 ildeliteretveraciter
1787 1894 1858 1967 apud

148 1986 308 2045 Monachus
324 2001 404 2060 quoq
414 2001 452 2042 ue
466 1983 694 2041 Cantuarianses
713 1982 864 2056 permittes
879 1982 914 2039 ad
930 1998 979 2038 rc·
1032 1987 1061 2037 tc
1077 1978 1272 2036 institerimus
1283 1980 1458 2052 proeodem.

149 2075 269 2132 alesiam
280 2091 364 2133 snam
377 2075 471 2132 redire
485 2090 519 2131 ae
529 2089 648 2130 manare
664 2088 793 2143 securos,
805 2088 976 2146 quanquam
1068 2069 1174 2127 Datum
1190 2069 1340 2142 anagnie,
1354 2086 1382 2126 vr
1395 2069 1455 2127 ital.
1483 2070 1575 2138 lunii,
1591 2086 1672 2128 anuo
1687 2072 1856 2131 undecimo.

148 2164 203 2222 boc
219 2164 271 2220 tibi
286 2181 374 2238 grase
399 2162 564 2236 plurimum
591 2163 726 2220 videatur
753 2177 788 2217 ex
806 2177 839 2218 eo
854 2162 932 2234 quod
947 2159 977 2217 in
1413 2160 1468 2216 XC.

152 2254 217 2326 ipso
229 2254 347 2326 negotio
361 2257 464 2310 contra
477 2255 507 2308 te
517 2252 736 2308 crediscosdem
747 2250 905 2323 proditorie
915 2266 978 2306 ma·
1085 2262 1293 2306 camurnrsrasr
1305 2265 1521 2307 anmmrmcoro
1535 2265 1560 2306 s.
1575 2266 1629 2306 as.
1642 2266 1813 2309 αιιιιιιιιιιι.

144 2341 291 2399 chinatos.
305 2341 423 2413 Regalis
442 2355 510 2396 vero
518 2355 570 2413 per
583 2341 720 2396 eumdem
736 2340 872 2396 abbatem
887 2340 918 2396 in
927 2355 978 2396 no·
1272 2338 1318 2396 De
1331 2338 1426 2395 eodem
1439 2341 1615 2409 orpomento.

147 2430 219 2487 stris
234 2429 374 2487 manibus
392 2428 532 2502 posuisti,
548 2432 581 2485 ut
595 2444 649 2485 nos
663 2445 696 2485 ea
712 2444 764 2501 pro
779 2428 978 2484 nostrobeue·
1285 2428 1414 2500 (Datum,
1429 2435 1463 2484 ut
1474 2427 1504 2484 in
1520 2428 1602 2497 olio.)

91 2554 111 2581 .
148 2518 258 2592 placito
272 2519 476 2576 conteramus.
493 2517 548 2584 Qui
564 2517 704 2573 nimirum
720 2518 916 2590 interrogatus
927 2532 981 2572 our
1069 2517 1125 2589 (ta)
1140 2515 1340 2573 charissimus
1355 2516 1385 2574 iu
1399 2515 1513 2574 cbristo
1523 2517 1603 2574 lilius
1617 2522 1722 2577 noster
1733 2520 1857 2577 ioannes

148 2625 206 2664 non
221 2608 325 2665 eadem
340 2608 405 2681 ipse
417 2607 575 2678 conferres,
584 2607 634 2664 sed
647 2606 745 2680 potins
753 2605 839 2663 nobis
849 2606 981 2662 traderes
1034 2622 1083 2662 rex
1097 2605 1259 2678 Anglorum
1276 2605 1402 2663 illustris
1417 2622 1510 2680 nuper
1530 2607 1615 2664 nobis
1640 2625 1694 2681 por
1722 2609 1858 2667 dilectum

152 2697 344 2767 conterenda,
361 2696 515 2769 respondit
529 2695 607 2769 quod
623 2696 754 2753 nondum
768 2695 885 2751 animus
908 2699 981 2751 tuus
1034 2695 1129 2751 illium
1145 2696 1280 2752 abbatem
1297 2696 1425 2753 belliloci
1440 2695 1553 2753 litteras
1568 2697 1749 2768 hujusmodi
1774 2700 1856 2756 desti·

156 2791 292 2860 potuerat
309 2786 446 2844 inclinari
463 2791 495 2843 ut
513 2786 690 2843 familiarem
715 2784 810 2842 eidem
835 2784 980 2857 archiepi·
1036 2785 1127 2856 navit,
1143 2789 1176 2842 nt
1189 2800 1254 2857 quae
1269 2785 1353 2842 nobis
1369 2802 1404 2842 cx
1418 2789 1499 2858 parte
1514 2802 1568 2843 sua
1589 2792 1777 2859 proponeret
1802 2805 1855 2845 cre·

152 2893 241 2949 scopo
258 2877 384 2950 gratiam
400 2876 563 2933 exhiberes.
578 2875 637 2932 Nos
651 2875 742 2947 igitur
756 2873 792 2931 iis
807 2873 929 2945 auditis,
944 2874 980 2937 de
1035 2874 1257 2946 deremus.lpse
1271 2890 1339 2931 vcro
1350 2875 1573 2947 poposuitquod
1589 2874 1858 2951 licctseinuogotio

149 2966 272 3024 consilio
285 2966 409 3023 iratrum
424 2969 593 3023 nostrorum
609 2964 665 3022 boc
675 2964 851 3021 modocirca
861 2963 982 3036 prelata
1035 2963 1255 3021 cantuariensis
1268 2964 1401 3021 Ecclesia
1417 2967 1567 3038 reputaret
1580 2964 1796 3038 multipliciter
1815 2981 1857 3039 ag·

42 3096 47 3103 .
148 3054 258 3128 rogalia
272 3055 410 3113 duximus
427 3054 656 3128 procedendum,
677 3059 710 3110 ut
731 3056 760 3109 et
781 3052 980 3126 reciperemus
1037 3056 1201 3126 gravatum,
1216 3053 1253 3111 ob
1277 3054 1471 3123 devotionem,
1488 3057 1584 3110 tamen
1615 3058 1645 3111 st
1667 3055 1857 3112 reverentiam

147 3145 253 3202 essina
264 3142 877 3218 preludiciolurislamecclesiastioiquam
888 3157 975 3214 rega·
993 3121 1016 3191 c
1035 3158 1123 3217 quam
1139 3158 1209 3216 erga
1223 3143 1384 3200 Romanam
1401 3141 1558 3199 Ecclesiam
1580 3146 1782 3217 nostramque
1802 3159 1858 3217 per·

147 3233 196 3305 lis,
207 3234 464 3306 etarcbiepiscopo
476 3237 637 3290 memorato
648 3232 737 3289 tribui
749 3232 970 3302 mandaremus,
1030 3248 1135 3289 sonam
1151 3232 1258 3289 asserit
1273 3248 1304 3289 se
1319 3232 1438 3302 babere,
1454 3236 1577 3305 paratus
1591 3235 1639 3289 est
1649 3236 1734 3289 sicut
1748 3233 1858 3291 Gautna

147 3323 171 3380 si
188 3323 286 3380 forsan
301 3323 337 3380 ad
353 3324 408 3379 boc
420 3322 522 3378 induci
545 3322 712 3394 nequiveris
734 3326 766 3377 ut
781 3336 816 3377 aa
831 3321 887 3378 sibi
902 3338 971 3378 con·
1025 3322 1153 3378 riensem
1165 3321 1635 3394 arehiepiscopumteracipereac
1645 3325 1855 3395 tractaraprc

147 3412 223 3469 ieras
234 3428 284 3483 per
296 3412 435 3485 teipsum,
452 3412 491 3468 ita
501 3413 578 3483 quod
588 3411 709 3483 ipsstibi
719 3427 771 3484 pro
784 3410 857 3483 ipsis
868 3427 971 3483 quem·
1025 3409 1096 3467 stite
1105 3409 1262 3467 securitate
1270 3414 1330 3467 tam
1342 3410 1396 3467 tibi
1408 3427 1497 3482 quam
1511 3411 1571 3468 tuis
1586 3427 1653 3484 quas
1668 3413 1709 3469 ad
1723 3411 1780 3470 boc
1795 3412 1849 3468 visa

146 3502 308 3558 admodum
324 3502 386 3557 suis
402 3502 631 3574 predecessores
646 3501 706 3556 tuis
734 3499 971 3574 progenitoribus
1024 3499 1114 3556 luerit
1127 3504 1302 3572 opportuna,
1318 3499 1534 3557 restitutionem
1557 3499 1726 3573 plenariam
1743 3501 1847 3559 ablato·

145 3589 970 3648 teneaturvansrabilibusiratribusuostrisLondonieusi
1024 3589 1274 3663 rumpromitlens
1290 3590 1424 3662 personis
1435 3590 1545 3662 pariter
1553 3593 1582 3646 et
1591 3588 1731 3648 ecclesiis
1746 3590 1846 3648 lacien-

148 3679 255 3735 Eliensi
267 3683 295 3735 et
304 3679 503 3750 Wigornisnsi
513 3679 660 3752 episcopis
674 3695 725 3753 per
736 3684 851 3736 nostras
867 3680 971 3736 dantes
1024 3680 1105 3749 dam,
1114 3678 1275 3736 monachos
1288 3679 1642 3751 quoquecantuarienses
1655 3680 1809 3753 permittet
1817 3678 1846 3736 ad

147 3768 259 3825 litteras
274 3768 304 3824 in
321 3769 471 3825 mandatis
487 3774 519 3825 ot
534 3769 592 3826 nisi
619 3769 781 3842 requisitus
796 3769 833 3825 ab
848 3769 920 3841 ipsis
936 3785 970 3827 es
1025 3765 1180 3823 ecclesiam
1195 3783 1280 3822 suam
1296 3766 1391 3823 redire
1406 3783 1439 3823 ao
1455 3784 1594 3825 manuere
1608 3784 1745 3841 securos,
1761 3786 1846 3843 quac·

147 3856 204 3911 sibi
215 3855 569 3930 voluerisipseconisrre,
586 3858 642 3930 ipsi
670 3858 787 3931 proviso
811 3860 972 3931 prudenter
1025 3871 1115 3929 quam
1131 3854 1250 3913 becsibi
1263 3870 1350 3927 greve
1360 3854 1523 3927 plurimum
1534 3857 1763 3916 videaturexeo
1777 3856 1845 3931 quod

148 3943 970 4018 ncquiddeceptioniscontralibertatemscolssiasticam
1025 3945 1128 4018 inipso
1137 3945 1253 4017 nogotio
1266 3947 1368 4001 contra
1382 3960 1413 4001 se
1430 3945 1523 4002 credit
1546 3946 1669 4003 eosdem
1695 3946 1845 4020 proditorie

147 4033 331 4103 interveniat,
345 4034 789 4108 prelibatoregoliaprescripto
800 4037 886 4093 modo
897 4037 970 4093 reoi-
1025 4034 1219 4091 machinatos.
1230 4032 1422 4105 Regaliavero
1432 4034 1462 4091 in
1473 4051 1561 4092 manu
1575 4040 1682 4093 nostra
1698 4039 1845 4111 posuitper

148 4123 388 4197 piont,dictoque
399 4123 619 4198 archiepiscopo
628 4124 849 4195 contemptrice
859 4131 969 4198 nostra,
1024 4124 1161 4180 eumdem
1178 4123 1325 4192 abbatem,
1341 4128 1373 4180 ut
1386 4140 1439 4180 nos
1449 4141 1482 4180 ea
1493 4140 1545 4197 pro
1555 4130 1659 4182 nostro
1671 4126 1844 4198 beneplacito

147 4217 177 4271 et
194 4212 232 4270 iis
247 4230 311 4285 qua
326 4214 463 4287 superius
477 4218 546 4270 sunt
560 4213 968 4287 expressariteperaetis,sen·
1024 4213 1845 4290 conferamus.interogatussutemcurnonidemipsacou-

147 4301 272 4359 tentiam
288 4302 434 4360 interdicti
448 4303 588 4374 relaxant,
601 4302 732 4360 iaciendo
754 4304 906 4376 prelatum
923 4321 969 4361 ar·
1023 4302 1845 4377 terretsedpotiusnobistradcretconiercndarespondit

146 4390 379 4465 cbiepiscopum,
390 4392 604 4465 sicutexpedit,
617 4392 653 4449 ad
664 4391 906 4450 cantuariensem
917 4398 969 4451 Eo·
1024 4390 1845 4465 quoducndumanimusrluspotueratinclinariutiami·

147 4478 266 4536 clesiam
281 4480 439 4553 proticisci,
456 4498 543 4553 quern
562 4482 689 4554 pmiecto
701 4498 854 4538 monemus
870 4486 900 4538 et
920 4499 972 4556 per
985 4495 1008 4562 1)
1023 4480 1126 4538 liorem
1137 4481 1190 4538 tibi
1201 4480 1326 4553 gratiam
1337 4479 1563 4538 exhiberet.Noa
1575 4480 1670 4555 igitur
1681 4484 1719 4542 iis
1732 4483 1845 4551 auditis,

147 4574 264 4625 nostras
274 4568 387 4626 litteras
402 4570 591 4626 exhortamur
606 4576 638 4625 ut
653 4587 738 4627 suarn
755 4587 868 4644 ponens
886 4573 969 4644 prin·
1024 4570 1060 4625 de
1071 4569 1326 4626 consiliolratrum
1342 4574 1510 4627 nostrorum
1522 4571 1575 4627 boc
1587 4573 1678 4629 modo
1689 4575 1769 4631 circe
1784 4590 1845 4647 pra·

144 4656 278 4729 cipaliter
292 4674 376 4730 spem
392 4658 422 4714 in
433 4658 654 4729 Domino,eireo
669 4665 696 4716 te
711 4660 799 4716 talem
810 4676 841 4717 se
856 4666 971 4731 satagat
1023 4657 1084 4714 ista
1095 4657 1205 4731 rogalia
1215 4658 1355 4715 duximus
1367 4660 1593 4731 procedendum,
1608 4666 1641 4716 ut
1656 4666 1688 4717 et
1709 4663 1846 4735 recipere·

145 4746 280 4803 exhibere
291 4747 582 4820 quodadproiectum
593 4748 726 4805 Ecclesia
736 4748 793 4805 sibi
804 4750 969 4807 commissa
1023 4764 1090 4804 mus
1102 4763 1136 4805 ea
1152 4747 1754 4821 sineprsjudiciojmistamenelcsiustici
1765 4768 1843 4824 quarn

144 4835 251 4892 melius
266 4837 498 4909 promovendum
514 4836 724 4894 familiaritatis
740 4841 770 4894 et
788 4836 887 4909 gratie
910 4843 967 4895 tuas
1022 4836 1140 4908 regalis,
1157 4842 1186 4893 et
1196 4836 1250 4894 tibi
1262 4838 1352 4894 otiam
1370 4837 1459 4893 tribui
1474 4838 1700 4907 mandaremus,
1717 4839 1762 4897 ita
1776 4840 1844 4915 quod

143 4924 482 4999 possitsibioomparsre
493 4927 796 4999 levoremspsrumus
806 4926 884 4982 enirn
895 4927 967 4985 ineo
1023 4927 1079 4984 sibi
1091 4942 1144 4999 pro
1157 4926 1844 4999 ipsisquemadmodumtuipredsrcsaoressnir

142 5015 172 5072 in
188 5016 275 5089 cujus
291 5031 380 5072 manu
396 5032 446 5073 cor
460 5016 537 5090 regis
552 5016 660 5081 existit,
677 5022 704 5071 et
719 5030 896 5089 quocunque
916 5034 968 5074 vc·
1022 5015 1260 5088 progenitoribus
1270 5015 1406 5071 tenearis.
1418 5015 1500 5073 Unde
1512 5015 1740 5076 venerabilibus
1755 5018 1842 5076 tratri·

140 5105 230 5163 luerit
243 5104 431 5178 vertetillud,
448 5106 526 5179 quod
542 5105 620 5162 siout
634 5104 663 5161 in
678 5104 734 5161 boc
747 5105 862 5178 negotio
875 5106 968 5164 consi·
1021 5104 1079 5161 bus
1094 5105 1205 5161 nostris
1224 5103 1433 5176 Londonisnsi,
1444 5104 1565 5173 Elionsi,
1591 5109 1620 5161 et
1647 5106 1842 5182 wigorniensi

140 5195 215 5250 lium
228 5200 313 5253 tuum
325 5196 355 5252 in
370 5195 657 5268 partedirigerejam
673 5193 802 5268 incoepit,
818 5193 965 5267 itaipsum
1021 5193 1229 5266 episcopisper
1239 5192 1589 5250 nostrasdamuslitteras
1601 5193 1841 5265 ingmandatisul,

139 5282 706 5358 ilnaliquoqucprosequetureil'eetu3
736 5288 770 5339 ut
798 5283 834 5339 ad
864 5300 965 5341 curam
1021 5282 1136 5354 proviso
1149 5282 1355 5355 prudenterne
1371 5282 1440 5354 quid
1451 5282 1632 5353 deceptionis
1645 5290 1755 5344 contra
1769 5286 1843 5343 liber·

138 5375 270 5446 suscepti
286 5374 440 5447 regiminis
454 5373 612 5431 elsscaoiler
623 5373 842 5445 exsequendam
857 5373 883 5429 ei
906 5390 965 5431 aon
1019 5376 1111 5428 tatem
1124 5370 1354 5429 ecclesiasticam
1369 5371 1554 5440 interveniat,
1564 5370 1724 5445 praelibata
1743 5374 1841 5451 regalia

138 5458 236 5519 solum
245 5463 555 5537 impedimentumnou
568 5463 688 5531 inieras,
700 5462 751 5519 sed
759 5462 964 5534 adjumentum
1019 5460 1191 5535 prescripto
1202 5460 1289 5517 modo
1303 5459 1458 5533 recipiant,
1470 5460 1581 5534 tibique
1600 5463 1763 5523 conterant
1789 5466 1840 5522 rica

173 5584 231 5658 (u)
246 5588 319 5644 Vide
329 5587 415 5661 epist.
428 5602 490 5661 seq.
507 5591 536 5645 st
551 5586 749 5646 (testatores.
761 5586 810 5656 111,
821 5602 885 5659 cap.
900 5586 961 5643 132.
1054 5586 1111 5657 (⁴2)
1126 5585 1199 5644 Vide
1212 5585 1298 5660 epist.
1313 5585 1360 5654 89,
1374 5589 1405 5643 et
1419 5586 1687 5662 uotorumque,
1703 5604 1774 5665 cap.
1789 5586 1840 5651 132,
