3780 6000
147 211 218 269 1495
621 212 830 271 muocuaml
848 213 888 267 Ill
906 215 960 267 PP.
979 212 1226 269 REGESTOEUM
1244 215 1310 269 ΗΒ.
1331 218 1380 269 Xl·
1808 212 1856 267 llll

148 338 195 395 l'ir
208 353 265 394 non
286 337 410 394 dimittas
431 338 486 406 nisi
508 339 622 409 propter
642 353 754 392 caeream
775 334 969 407 fornicationis
985 344 1011 405 Α
1027 336 1137 392 nostris
1151 337 1286 393 contessa
1301 338 1388 393 inerit
1407 337 1436 393 in
1448 337 1563 409 judicio
1575 338 1662 411 quod
1681 341 1719 393 tu
1731 352 1854 394 eamear·

145 444 261 485 acorem
276 426 306 499 (l
320 430 382 484 Cor.
400 429 463 497 vn),
479 442 536 482 non
553 430 598 482 cst
612 444 628 480 n
643 425 728 482 nobis
738 426 920 482 extendenda
934 424 971 480 li·
1027 423 1771 501 nnlilerpercommisiionemsexuumcoguovisti,
1782 428 1852 485 etha

147 515 245 575 centia
259 521 292 573 ot
306 533 396 573 causa
411 514 561 588 religionis
575 515 620 570 vir
635 514 670 570 ab
687 532 776 572 uxore
798 514 842 571 vel
868 530 940 571 uxor
956 532 973 570 a
1027 513 1127 586 ipsum
1143 513 1229 570 nobis
1245 515 1395 572 multoties
1411 515 1606 585 intimaverit,
1618 517 1778 590 quasdam
1788 517 1852 573 aob'a

143 604 207 661 viro
223 606 365 671 discedat,
381 605 439 661 nisi
450 609 598 677 quantum
609 605 744 677 exempla
756 608 927 660 sanctorum
943 608 973 660 et
1027 601 1264 660 antstrieunium
1276 607 1408 677 patentes
1419 603 1533 661 litteras
1548 621 1608 662 sno
1619 604 1729 678 sigillo
1741 607 1852 663 monitu

145 694 266 751 Petrum
282 698 391 751 statuta
406 693 568 763 declarant,
585 709 622 750 ne
636 693 767 750 humana
781 693 972 766 presumptio
1026 690 1855 766 intestimoniumdestinando,inquibusconstantissice

147 783 389 840 constitutionem
410 783 540 839 divinam
556 782 725 856 transgredi
744 783 887 839 videatur.
903 783 973 840 Pro·
1027 780 1182 852 profitetur
1196 782 1275 854 quod
1290 787 1322 839 ιιι
1338 799 1402 839 eam
1419 783 1579 841 carnaliter
1596 785 1784 857 cognovisti,
1798 791 1824 842 et
1835 790 1852 841 ri

146 874 223 931 lecto
235 874 361 948 legimus
377 874 522 946 quosdam
539 878 656 931 sanctos
671 890 706 929 ex
720 873 794 946 ipsis
808 873 920 945 nuptiis
936 873 972 928 ad
1027 870 1101 926 lorte
1115 870 1297 927 contrarium
1312 872 1697 946 confitereturaliquando‚
1715 891 1851 948 nunquan

146 963 239 1021 eremi
264 963 457 1020 solitudinem
479 968 508 1019 et
532 962 779 1035 peregrinationis
802 962 972 1035 pauperiem
1028 960 1851 1036 contrariaeconfessionicredamus,quiaconlcssiouem

145 1050 277 1109 evolasse
289 1068 297 1120 ;
309 1050 577 1124 qnornmexemplo
588 1051 661 1107 forta
672 1048 973 1122 commonitiquidam
1028 1047 1200 1119 hujusmodi
1224 1054 1412 1123 extorqueret
1426 1052 1462 1108 ab
1478 1066 1512 1108 ea
1526 1051 1570 1108 vel
1589 1056 1697 1109 nictus
1719 1070 1807 1126 paena
1820 1056 1850 1109 ul

144 1143 376 1216 praedecessores
403 1140 496 1198 nostri
520 1140 657 1196 dixerunt
680 1141 759 1214 quod
782 1138 974 1211 desponsatam
1029 1137 1416 1212 studiumevadendi,sicut
1430 1141 1562 1199 insimili
1574 1158 1652 1199 casu
1669 1144 1850 1218 Tebergare·

142 1232 269 1306 positam
290 1232 423 1288 nonlicet
443 1231 606 1304 parentibus
624 1229 689 1286 otii‘
700 1231 760 1286 otro
779 1229 900 1294 tradere,
916 1243 973 1284 mo·
1028 1226 1097 1300 gina
1111 1226 1219 1299 legitur
1233 1234 1334 1286 contra
1350 1229 1519 1287 lotharium
1536 1247 1641 1304 regem
1669 1233 1749 1289 olim
1765 1242 1851 1290 sancta

145 1322 305 1379 rosteriam
326 1329 415 1377 tomen
431 1320 536 1390 eligere
554 1319 696 1388 sicilicet,
711 1319 858 1375 etdccreto
875 1318 974 1389 legalia
1029 1318 1176 1373 memorie
1194 1318 1313 1376 Nicolao
1334 1336 1414 1392 papo
1435 1320 1651 1393 predecessori
1676 1328 1784 1380 nostro
1797 1327 1851 1380 sari·

149 1412 343 1483 desponsatam
366 1409 529 1467 siconocrti
551 1409 680 1479 voluerit,
704 1408 784 1464 natta
807 1414 974 1463 censuerunt
1028 1405 1134 1477 psisse.
1158 1411 1201 1463 tlx
1216 1408 1378 1480 premissis
1402 1425 1471 1466 vero
1486 1410 1617 1467 decretis
1647 1411 1701 1468 vel
1726 1413 1852 1485 exemplis

150 1501 252 1557 domno
267 1501 402 1556 mulctari
415 1499 501 1573 (402),
517 1497 653 1570 quamvis
663 1496 797 1569 exempla
811 1512 973 1570 pancorum
1028 1496 1187 1567 propositis
1201 1495 1304 1553 haberi
1315 1514 1373 1554 uon
1384 1502 1483 1570 potest
1492 1500 1570 1571 quod
1584 1499 1607 1555 ii
1618 1500 1675 1572 qui
1687 1517 1784 1559 causa
1796 1503 1852 1558 reli·

149 1607 333 1648 communem
357 1589 451 1662 legem
467 1605 526 1644 non
543 1587 660 1656 iaciant,
676 1586 838 1658 presertim
854 1585 972 1642 illorum
1027 1584 1201 1656 gioniesuas
1215 1586 1534 1658 deserueruotuxores,
1547 1590 1585 1646 ad
1596 1589 1852 1649 illaaintraueriot

147 1683 200 1753 qui
216 1683 378 1738 ereduntur
392 1680 428 1735 ab
449 1677 642 1750 inspiratione
657 1677 756 1733 divina
776 1677 888 1744 iecisse,
905 1693 972 1732 cum
1029 1675 1074 1730 'l'u
1089 1679 1186 1731 autem
1203 1676 1238 1731 ad
1253 1677 1404 1748 preditam
1419 1679 1577 1752 conjugem
1594 1683 1686 1738 tuam
1703 1684 1852 1739 uonsoiun

146 1772 182 1827 de
206 1769 320 1841 nuptiis
341 1768 436 1825 vocati
459 1768 615 1840 tegantur;
642 1766 794 1839 quoniam,
819 1770 853 1822 ut
875 1766 973 1839 inquit
1027 1763 1156 1832 intrasti,
1174 1765 1224 1821 sed
1240 1770 1272 1822 nt
1296 1766 1453 1824 carnaliter
1467 1768 1562 1840 ipsam
1577 1786 1789 1843 cognosceres
1805 1772 1853 1828 dili·

144 1857 333 1931 Apostolus:
361 1857 412 1914 liii
439 1855 561 1929 Spiritus
582 1854 632 1912 Dei
655 1859 705 1924 est,
725 1854 767 1911 iti
795 1855 907 1911 libertos
937 1856 970 1923 (ll
1025 1858 1143 1925 gentem
1155 1869 1275 1927 oporam
1287 1855 1469 1928 impendisti.
1485 1857 1738 1918 Nulluaillorum
1751 1878 1852 1919 oroma

144 1947 209 2008 Gor.
225 1947 281 2019 m),
297 1949 326 2003 et
341 1945 392 2019 qui
408 1945 520 2018 Spiritu
535 1944 587 2002 Dei
601 1947 741 2017 aguntor,
756 1960 814 2000 non
830 1947 901 2000 sunt
915 1944 971 2000 snb
1025 1941 1143 1999 induxit
1154 1947 1185 1999 ut
1200 1944 1235 1999 ad
1247 1943 1418 2018 religionem
1427 1947 1577 2016 transiret,
1591 1954 1756 2020 qnatenus
1764 1952 1820 2024 ipae
1828 1952 1852 2007 al

142 2038 218 2111 lage.
231 2037 430 2093 Prolatavero
442 2036 558 2092 decreta
569 2051 626 2092 non
637 2036 672 2091 de
687 2034 923 2106 conjugibussed
934 2034 972 2090 de
1027 2029 1106 2087 aliud
1121 2033 1292 2106 conjugium
1311 2034 1516 2092 transvolaret.
1532 2038 1576 2093 'l'u
1594 2054 1669 2096 vcro
1687 2057 1753 2097 non
1772 2041 1852 2098 solon

144 2124 263 2198 sponsis
278 2125 399 2198 quidam
414 2123 538 2197 intelligi
559 2123 726 2191 voluerunt,
748 2124 825 2179 sicut
838 2122 970 2195 ipsorum
1025 2120 1131 2177 adhoc
1148 2122 1300 2194 prefatam
1315 2123 1458 2181 induxisti
1475 2126 1624 2198 reginam,
1641 2145 1757 2187 aarum
1779 2131 1851 2186 edan

142 2216 232 2272 verba
248 2216 462 2283 demonstrant,
488 2230 551 2284 que
567 2228 625 2269 non
642 2213 830 2283 conjugatam
850 2213 901 2268 sed
917 2213 970 2268 de·
1025 2208 1128 2266 multia
1148 2212 1396 2283 promissionibus
1411 2214 1598 2287 provocasti3
1620 2218 1770 2290 quinimo
1779 2221 1852 2292 jora·

144 2310 315 2376 sponsatam
330 2301 490 2374 appellant.
506 2302 561 2356 Sed
575 2317 630 2357 neo
643 2316 678 2356 ex
689 2300 970 2373 predictisdecretis
1025 2302 1156 2355 mentum
1171 2300 1208 2356 at)
1222 2299 1274 2357 illa
1289 2305 1322 2357 ut
1336 2300 1391 2358 hoo
1401 2307 1500 2376 ageret
1510 2304 1667 2378 accepisti,
1678 2308 1767 2365 milla
1778 2308 1853 2364 libras

141 2392 187 2448 vel
202 2391 345 2463 exemplis
355 2389 588 2462 colligiturquod
600 2389 750 2447 alterutris
760 2391 932 2463 conjugum,
944 2391 969 2447 si
1025 2388 1117 2445 annui
1132 2389 1266 2447 redditus
1277 2389 1453 2463 pollicendo.
1471 2391 1576 2451 Nullus
1592 2393 1726 2454 illorum
1742 2397 1788 2455 sel
1802 2415 1852 2455 mo·

144 2480 219 2539 tales
235 2480 324 2537 etiem
339 2481 482 2552 coniuges
494 2482 678 2551 reputentur,
691 2480 728 2536 ad
740 2478 892 2552 religionis
903 2497 969 2553 pro·
1025 2476 1091 2533 dico
1100 2480 1234 2550 tempore
1243 2478 1273 2534 in
1284 2480 1421 2538 custodia
1431 2482 1592 2539 coarctavit
1603 2500 1750 2543 uxorem.
1762 2488 1804 2544 ‘l'u
1813 2505 1853 2544 aa·

144 2570 275 2645 positum
288 2569 524 2637 transeuntibus,
535 2567 640 2641 reliqui
651 2567 829 2640 adcopulam
844 2571 970 2626 transie-
1024 2569 1084 2622 tem
1100 2582 1152 2639 per
1165 2571 1230 2624 octo
1240 2569 1406 2639 jamaunos
1417 2572 1568 2644 prolatam
1578 2573 1727 2646 reginam
1744 2577 1853 2634 inarata

143 2660 204 2717 rint
213 2655 476 2731 coniugalemmisi
486 2658 564 2730 quod
576 2656 971 2731 prelatusalexanderPapa
1025 2654 1120 2711 iecisti
1135 2657 1417 2716 custodiadetineri.
1431 2660 1569 2727 Ouinimo
1584 2679 1656 2720 cum
1669 2664 1718 2721 illi
1728 2666 1852 2740 legantur

144 2748 254 2822 legitur
267 2748 344 2821 (103)
360 2747 478 2804 cuidam
493 2747 631 2820 episcopo
649 2748 685 2803 de
700 2747 829 2818 quadam
846 2747 970 2804 muliere
1024 2743 1170 2801 transisse
1185 2746 1220 2802 de
1235 2746 1360 2820 nuptiis,
1376 2748 1420 2806 vel
1434 2748 1485 2806 alii
1500 2750 1630 2809 transire
1639 2753 1798 2813 voluerint
1810 2773 1851 2813 an·

145 2838 306 2895 mandasse
320 2838 398 2910 qnod
415 2837 440 2893 si
455 2836 499 2892 vir
513 2838 577 2908 ejus
591 2851 656 2893 eam
677 2835 835 2892 carnaliter
849 2852 907 2893 non
921 2853 968 2894 cc·
1024 2838 1144 2907 tequam
1161 2839 1198 2894 ad
1213 2839 1334 2911 nuptias
1349 2842 1563 2914 pervenissent,
1573 2843 1639 2901 haec
1653 2852 1730 2919 poet
1745 2854 1851 2905 sextum

144 2930 294 3001 gnoverat,
310 2931 338 2981 et
351 2925 417 2996 ipso
430 2923 518 2981 vellet
529 2925 564 2981 ad
577 2924 747 2997 religionem
756 2924 893 2993 transire,
905 2927 969 2983 sul·
1024 2924 1290 2985 decimumnonum
1305 2946 1322 2986 a
1335 2937 1484 2989 contracto
1497 2933 1639 3006 conjugio
1655 2938 1792 2994 transire
1802 2955 1852 2995 mo·

144 3017 292 3074 sicientem
309 3015 345 3071 ab
358 3031 393 3070 aa
407 3014 574 3071 cautionem
592 3014 744 3086 reclperct,
762 3014 850 3071 utvel
865 3015 901 3071 ad
921 3031 968 3073 re·
1025 3018 1124 3082 netur,
1147 3015 1259 3072 utinam
1284 3034 1343 3074 noo
1368 3020 1637 3091 cogatur:llnullo
1649 3022 1850 3083 illorumuror

142 3106 283 3179 ligionem
304 3103 456 3174 transiret,
472 3102 517 3160 vel
533 3102 681 3159 advirum
698 3118 786 3160 enum
804 3103 882 3162 inira
896 3105 968 3162 duo·
984 3079 1006 3148 c
1024 3102 1180 3177 coujugale
1194 3104 1327 3162 debitum
1340 3108 1510 3180 postulavit.
1525 3112 1548 3166 Α
1564 3115 1594 3168 te
1607 3127 1679 3170 vcro
1697 3121 1854 3174 memorata

143 3212 212 3253 rum
220 3192 848 3266 mensiumspatiumaccederetprocuraret.
861 3198 971 3252 Verum
1027 3192 1128 3265 regina
1142 3194 1312 3266 frequenter
1322 3197 1427 3270 exegit,
1443 3199 1495 3255 sed
1505 3198 1579 3255 illud
1590 3200 1620 3257 ei
1636 3203 1767 3263 reddero
1777 3207 1854 3262 dene·

146 3290 246 3342 utrum
262 3283 388 3340 intentio
403 3286 465 3354 tua,
482 3281 522 3337 lili
539 3281 719 3351 charissime,
736 3283 814 3340 intra
827 3283 972 3341 hoelimi·
1026 3281 1112 3354 gasti.
1130 3282 1248 3341 Nullius
1271 3283 1392 3342 illorum
1411 3303 1485 3344 uxor
1508 3289 1711 3363 recognitam
1734 3296 1808 3352 dixit
1824 3296 1853 3351 ab

144 3371 971 3445 tesconcludaturquosexemplasanctorumvelPatrom
1025 3370 1853 3453 ipso.Sapeiataveroreginaconstanteraaseruit,etiam

146 3465 263 3522 decreta
277 3462 442 3535 mongunt,
457 3460 614 3534 diligenter
627 3464 742 3534 oportet
756 3460 869 3517 adverti
880 3477 888 3530 3
898 3476 935 3517 ne
945 3461 971 3517 si
1026 3460 1055 3517 in
1066 3460 1191 3533 judicio,
1202 3463 1279 3535 quod
1291 3467 1323 3519 tu
1332 3480 1397 3522 eam
1407 3465 1566 3523 carnaliter
1581 3471 1766 3542 cognovisti.
1779 3473 1853 3530 Unde

144 3554 236 3611 tuerit
251 3553 280 3608 iu
296 3551 351 3608 hoc
361 3568 443 3616 casu,
455 3551 533 3624 quod
545 3555 621 3607 Deus
631 3554 751 3619 avertat,
762 3555 903 3621 erratum,
916 3568 970 3607 no·
1026 3549 1051 3605 si
1065 3552 1555 3623 nunccontrsriumfateretur,non
1568 3560 1852 3637 asaetejusaimpliei

144 3644 193 3700 bis
208 3658 241 3699 ac
257 3641 310 3697 tibi
325 3641 435 3713 grande
450 3639 614 3713 periculum
635 3643 665 3695 et
685 3655 772 3712 gravo
796 3640 969 3698 scandalum
1025 3639 1112 3696 verbo
1127 3639 1319 3711 credendum,
1335 3659 1402 3699 cum
1417 3649 1448 3703 et
1461 3645 1498 3701 da
1510 3644 1559 3703 his
1571 3647 1733 3719 quicausa
1744 3652 1852 3726 trigidi-

146 3731 270 3788 oriatur.
285 3729 474 3786 Manifestum
489 3734 535 3785 est
548 3728 626 3784 enim
642 3729 719 3799 qnod
736 3729 772 3785 ad
799 3730 969 3801 predictam
1023 3726 1092 3784 tatis
1103 3728 1254 3785 atllrmant
1268 3746 1300 3789 aa
1315 3747 1374 3788 noo
1389 3733 1521 3804 potuisse
1536 3735 1572 3793 ad
1588 3735 1722 3797 invicem
1734 3743 1850 3798 commi·

144 3819 276 3891 reginam
293 3816 449 3888 coniugem
471 3822 553 3873 tuam
579 3815 734 3888 aliquoties
758 3818 906 3874 accessisti
937 3823 970 3876 ut
1024 3816 1099 3874 scari
1120 3817 1226 3875 beatus
1253 3819 1411 3892 Gregorius
1437 3838 1514 3895 papa
1542 3823 1621 3896 (104)
1649 3831 1796 3887 statuerit
1824 3839 1852 3888 ut

144 3906 302 3965 carnaliter
314 3922 379 3961 eam
392 3920 595 3977 cognosceres,
605 3904 774 3977 diligentem
787 3907 824 3963 ad
835 3906 889 3964 hoc
899 3924 968 3981 ope·
1023 3922 1124 3964 eorum
1140 3909 1403 3982 uterqueseptima
1413 3927 1502 3968 manu
1512 3912 1758 3988 propinquorum
1769 3922 1850 3977 tactis

143 4014 206 4055 ram
219 3995 417 4070 impendendo
431 4011 439 4050 :
455 3994 500 4050 cui
517 3994 585 4051 licet
597 4002 623 4050 te
638 4010 753 4051 asseras
764 4011 822 4052 non
836 3997 968 4070 potuisse
1022 3998 1220 4055 sacrosanctis
1235 3996 1458 4072 reliquiiadicat
1468 4002 1664 4074 jurejurando
1681 4011 1764 4080 quod
1779 4027 1851 4067 nnn·

143 4086 299 4146 carnaliter
320 4084 515 4154 commisceri,
531 4083 655 4141 tortasse
669 4087 768 4141 ιιιιιι
783 4085 814 4140 in
836 4086 901 4159 ipso
915 4086 967 4144 tali
1023 4102 1111 4158 qoam
1127 4086 1319 4160 permistione
1332 4088 1431 4147 carnis
1445 4090 1596 4162 conjuncti
1608 4110 1670 4151 una
1681 4099 1849 4156 caroeffecti

142 4176 318 4236 commercio
333 4174 445 4248 aliquid
461 4173 536 4231 circa
552 4190 617 4230 eam
637 4175 863 4233 extraordinarie
883 4194 968 4250 pere·
1021 4175 1157 4233 luissent.
1179 4177 1294 4242 ouante
1309 4177 1406 4251 magia
1431 4194 1499 4251 argo
1524 4180 1576 4238 illa
1598 4189 1746 4254 prestare
1767 4190 1850 4245 debet

140 4267 220 4342 gieti.
238 4266 321 4326 Nune
343 4269 442 4322 autam
457 4265 512 4321 etsi
528 4264 694 4321 necessaria
717 4265 772 4322 sibi
788 4265 877 4323 iacias
901 4284 968 4325 con·
1021 4264 1332 4336 similajuramentum
1344 4266 1511 4340 qoanimio
1522 4269 1852 4335 tediosidaturallecta

140 4373 213 4432 grue
239 4353 414 4424 ministrari,
430 4357 573 4426 quantum
595 4354 631 4410 ad
653 4353 763 4410 victum
788 4356 916 4427 pertinet
937 4362 967 4414 ct
1021 4358 1054 4410 ot
1068 4370 1126 4412 nou
1138 4355 1429 4429 dicamus,correpta
1438 4357 1554 4428 timore,
1565 4361 1696 4420 seducta
1705 4367 1849 4435 consiliis,

138 4447 291 4511 vestitum,
308 4443 403 4516 ipsam
418 4442 558 4499 tamenin
569 4443 877 4501 arctataciacuatodia
890 4445 965 4502 deti·
981 4443 1063 4514 {lael
1076 4443 1173 4503 illecta
1194 4443 1360 4517 promissis.
1384 4445 1472 4503 Vides
1495 4463 1576 4521 argo,
1593 4449 1636 4506 illi
1660 4452 1850 4523 charissime.

139 4535 216 4604 neri,
229 4538 262 4590 nt
277 4534 313 4590 da
327 4532 390 4589 suis
401 4532 548 4589 neminem
560 4548 660 4589 secum
675 4531 903 4591 habeatmarem
913 4539 965 4592 aut
1019 4533 1097 4606 quod
1121 4532 1364 4606 circaipralatam
1379 4534 1513 4608 reginam
1527 4536 1615 4611 longa
1629 4541 1767 4615 amplius
1784 4563 1848 4619 pro·

139 4622 289 4692 seminam,
306 4621 462 4677 nocatiam
489 4621 555 4692 ipsa
571 4620 760 4694 palatiumin
776 4639 834 4696 quo
851 4627 964 4681 tenetm
1018 4621 1133 4680 cessisti
1165 4638 1253 4695 quam
1275 4624 1439 4681 secondum
1463 4624 1596 4700 exempla
1617 4633 1780 4704 proposita
1806 4636 1849 4692 val

140 4710 237 4783 possit
251 4709 340 4777 exire,
356 4724 452 4782 neque
467 4709 623 4782 quisquam
639 4710 676 4767 ad
690 4726 756 4767 eam
772 4712 962 4785 ainstuospe·
1017 4712 1171 4785 premissa
1195 4713 1313 4769 decreta
1327 4711 1416 4770 luerit
1430 4730 1604 4786 processum
1620 4717 1659 4775 ab
1675 4719 1784 4795 aliquo
1798 4725 1848 4798 qai

139 4798 208 4856 ciali
223 4798 362 4855 mandato
376 4797 454 4853 inira
467 4798 566 4871 ipsum
578 4799 720 4873 palatium
729 4799 824 4871 possit
832 4799 961 4874 intrare;
1016 4815 1106 4856 cansa
1119 4798 1270 4872 religionis
1285 4815 1370 4857 snam
1383 4801 1544 4860 deseruerit
1555 4821 1691 4879 uxorem,
1703 4811 1751 4868 vel
1762 4814 1846 4885 cujus

139 4904 228 4964 quam
245 4886 301 4944 hoc
315 4886 403 4942 modo
418 4886 566 4943 detentam
577 4887 769 4944 multifariam
784 4888 962 4947 induciteci·
1017 4904 1089 4945 uxor
1102 4889 1139 4945 ob
1163 4904 1282 4947 causam
1298 4890 1431 4947 eamdam
1448 4891 1605 4966 reliquerit
1617 4912 1711 4954 suum
1737 4902 1845 4960 virum.

137 4980 177 5038 sti
192 4994 245 5053 psr
259 4977 429 5033 inductores
453 4977 556 5048 utique
579 4976 786 5045 multiformes,
811 4977 914 5036 maltis
933 4984 962 5038 et
1014 4978 1073 5036 Nec
1087 4979 1257 5052 potesquod
1268 4978 1326 5037 ista
1337 4980 1571 5057 dicamosqnasi
1585 4986 1665 5044 circa
1679 4992 1845 5051 tenimium

137 5064 960 5141 mgffigpmmissiamuneribus,nedicamuscommina·
1013 5067 1138 5127 velimus
1162 5084 1295 5126 exercere
1309 5068 1449 5143 rigorem,
1472 5088 1540 5129 oum
1559 5090 1595 5132 ex
1618 5084 1844 5152 comparatione

135 5159 267 5217 tionibus
279 5155 445 5225 intentatis,
463 5159 496 5211 ιιι
510 5154 646 5211 habitum
662 5155 813 5228 religionis
828 5163 961 5216 assumat
1014 5157 1123 5216 similis
1137 5158 1309 5232 lactipossis
1324 5159 1613 5237 adverterenoearga
1624 5169 1784 5245 temague
1795 5173 1844 5231 he·

135 5252 166 5305 gt
180 5264 212 5304 ιο
227 5247 305 5303 dicat
319 5262 337 5304 a
351 5250 380 5303 te
403 5245 551 5318 cognitam
567 5262 625 5302 non
642 5246 744 5315 inisse,
761 5252 795 5304 ut
814 5246 857 5304 sio
871 5248 960 5305 aliam
1014 5246 1168 5320 nigritatis
1192 5247 1318 5320 gratiam
1345 5247 1536 5322 impendisse.
1561 5252 1709 5329 Tempore
1732 5263 1844 5336 quippe

134 5337 190 5396 tibi
202 5336 338 5409 copulare
354 5335 451 5409 possis
467 5352 605 5410 uxorem;
621 5335 757 5409 quamvis
776 5336 842 5411 ipsa
855 5336 959 5409 legatis
1013 5336 1125 5409 prelati
1141 5336 1365 5410 predecessoris
1388 5339 1481 5396 nostri
1495 5340 1607 5401 Nicolai
1626 5362 1713 5419 papas
1729 5366 1844 5408 memo·

183 5478 247 5544 102)
261 5478 309 5548 27,
325 5494 355 5551 q.
370 5481 399 5547 2,
416 5495 444 5535 a.
458 5479 505 5550 27,
520 5479 566 5535 28.
752 5548 760 5562 .
1048 5479 1123 5552 (tol)
1140 5478 1211 5538 lide
1229 5494 1295 5551 cap.
1319 5480 1513 5557 Madotitem,
1534 5483 1576 5543 Da
1597 5485 1698 5561 trigid.
1723 5494 1755 5550 at
1780 5508 1841 5551 m..

182 5551 245 5623 loa)
260 5550 329 5623 Gap.
344 5552 388 5606 Ec
401 5551 522 5622 publico,
537 5551 578 5609 Da
593 5566 677 5608 conv.
695 5565 813 5622 conjug.
1011 5551 1088 5607 letlc.
