3788 6022
46 299 97 355 att
536 294 797 352 eonmmcaaue
815 292 914 351 dacto
932 294 1007 361 Vlll,
1027 294 1170 354 enatam
1191 297 1270 354 1205,
1702 294 1756 353 738

47 425 137 483 etiam
153 439 276 481 manum
287 422 379 481 mittit
389 421 425 478 ad
438 421 612 483 lortia,utiu
625 435 765 487 errorem,
778 419 801 475 ei
811 419 873 475 ilari
890 418 1032 491 Aigitna
1050 423 1127 494 quud
1144 422 1253 479 dicitur
1266 426 1450 496 reputamus,
1465 421 1521 478 nisi
1536 422 1635 479 forsan
1651 422 1756 490 bujan-

48 517 160 588 poteal,
176 513 298 569 inducat
313 511 431 578 electae,
446 510 583 566 fiduciam
597 512 707 565 balaena
720 509 799 580 quod
815 509 879 565 lur-
934 510 1012 565 modi
1039 510 1175 567 bomince
1200 529 1233 567 eu
1256 514 1483 585 ipeovexentur,
1500 512 1575 584 quud
1607 512 1636 568 in
1653 512 1758 581 bajus·

52 603 142 660 danie
153 603 258 658 iulluat
271 602 300 658 iu
317 604 447 673 aaejua;
464 602 536 655 amre
548 601 622 671 (652)
637 600 673 655 66
690 603 753 669 ejue
765 598 882 654 ineirtiie
934 601 1013 655 modi
1030 601 1232 656 vexationibus
1258 601 1432 671 gloriantur,
1449 602 1492 656 rel
1507 601 1563 657 uiai
1580 618 1614 656 ex
1629 617 1663 656 ec
1678 601 1756 673 quod

51 690 192 750 Salomon
209 693 409 748 nueadmcnet
420 705 588 762 precavere.
602 705 667 744 cum
681 688 797 760 iuquit:
816 687 880 754 Fili,
935 690 1132 745 arctissimam
1143 691 1230 745 vitam
1241 691 1466 756 ducunt,ell‘ecti
1477 692 1603 747 maniaci
1612 708 1663 763 pro
1675 706 1759 745 uexe-

49 782 184 840 arcedeuc
205 782 422 837 acaemitorum
448 779 720 849 menaporum
746 783 824 832 tuum
847 776 883 832 ad
934 776 1012 833 tione
1041 777 1234 842 daemoniaca,
1265 780 1428 834 maniacam
1465 784 1601 850 reputent
1642 778 1757 851 paesic-

51 866 557 940 6616116666(56611.1666116166
586 883 692 940 quoque
722 868 799 938 quod
831 865 882 920 lilii
935 884 1000 922 nem
1017 866 1102 939 (651).
1123 867 1243 923 Veientes
1259 877 1348 923 autem
1363 883 1408 922 cor
1422 868 1457 922 od
1483 868 1594 933 bustum,
1620 873 1755 939 quantum

52 960 153 1027 iarael,
169 963 292 1032 lligyplo
307 957 429 1031 egressi,
446 957 657 1013 allectaverunt
674 954 784 1029 AEaypti
807 953 880 1009 divi·
933 958 963 1010 in
977 959 1055 1011 notin
1069 960 1164 1027 suerat,
1177 972 1312 1024 reuocare,
1329 955 1488 1012 discretioni
1512 960 1608 1015 uestrae
1628 972 1677 1029 per
1691 972 1758 1029 opo·

52 1051 106 1106 tina
123 1050 157 1105 in
174 1049 301 1113 deserto,
316 1049 345 1101 in
364 1061 422 1118 quo
435 1046 471 1101 ab
485 1045 677 1101 amalechitis
690 1046 809 1100 luerunt
819 1059 885 1116 gra·
935 1046 1031 1100 atolicu
1040 1045 1144 1117 scriptu
1156 1045 1322 1101 mandemus
1332 1045 1414 1118 (655),
1427 1050 1572 1118 quatenus
1583 1046 1756 1102 accedentes

52 1137 175 1194 decime
190 1134 365 1209 impugnati.
379 1134 842 1206 116νί1666666616661666166
856 1137 885 1187 et
937 1133 1254 1197 adlocum,cortamibi
1264 1133 1759 1209 regulametatuatie,approbantea

53 1227 191 1300 armplex,
208 1242 241 1281 aa
256 1226 365 1280 timens
382 1225 483 1289 ileum,
495 1229 524 1277 et
539 1224 678 1278 recedens
690 1239 706 1277 a
720 1221 807 1290 malo,
819 1226 883 1275 trn·
936 1222 1044 1279 ibidem
1062 1226 1137 1294 quod
1155 1224 1376 1295 approbandum
1390 1223 1530 1293 videritis,
1542 1225 1760 1296 etcorrigentea

54 1317 183 1373 taliones
207 1314 348 1369 daemonia
366 1328 421 1368 non
439 1312 541 1381 evasit,
558 1317 586 1366 et
602 1312 679 1383 quod
706 1312 793 1366 Satan
826 1326 883 1365 uun
937 1312 1013 1383 quiid
1031 1312 1202 1367 inveneritis
1218 1312 1435 1377 corripendum,
1448 1319 1476 1368 et
1491 1312 1635 1368 interalia
1651 1312 1762 1385 specia-

54 1406 153 1463 aclum
171 1402 320 1475 apostolae
334 1402 458 1473 expetiit
474 1401 508 1455 ed
526 1402 730 1466 cribrandum,
747 1401 797 1455 eod
820 1403 885 1470 poet
936 1398 1232 1465 literetatueulee,ue
1244 1416 1359 1455 eurorea
1373 1416 1439 1455 cnm
1451 1400 1590 1456 iratribus
1607 1400 1695 1456 simul
1707 1400 1762 1457 ba·

56 1494 237 1567 baptismum
249 1490 573 1562 etjrjuniurn,tentevit
583 1489 670 1545 etiam
684 1490 786 1546 laeum
799 1487 885 1544 Cbri·
937 1488 1041 1555 611661,
1051 1490 1101 1544 sed
1113 1505 1243 1544 reoreurn
1258 1490 1354 1561 petiae
1364 1495 1628 1553 commorentur,ct
1638 1495 1763 1545 atvexa·

55 1590 150 1641 atum.
164 1581 287 1648 Verum,
304 1580 443 1651 aliquem,
465 1584 529 1649 poet
544 1594 645 1632 veram
671 1578 884 1650 paenitentiam,
937 1579 979 1633 tio
994 1578 1062 1634 talia
1078 1584 1181 1635 resset.
1192 1578 1318 1652 singulis
1331 1580 1435 1635 diebus
1448 1580 1541 1635 oratio
1556 1580 1649 1635 [latad
1664 1579 1762 1635 Domi·

56 1673 199 1747 operibus
228 1670 358 1725 deditam
389 1669 519 1740 pietatis,
544 1667 735 1738 corporaliter
750 1671 884 1721 vexilium
939 1661 1009 1721 num
1025 1667 1172 1739 specialia.
1184 1665 1475 1738 Hocquoquestatui
1490 1666 1763 1738 precipimuainter

57 1764 153 1818 laicae
168 1776 225 1816 666
242 1759 388 1821 novimus,
404 1773 455 1811 nec
470 1757 662 1812 meminimus
685 1772 738 1811 noe
768 1755 883 1825 legisse.
901 1774 925 1839 B
940 1771 1001 1823 ece,
1016 1760 1058 1825 ut,
1074 1757 1098 1811 ai
1112 1756 1179 1827 quie
1194 1756 1230 1811 de
1246 1761 1349 1810 eutero
1378 1771 1395 1810 a
1421 1755 1553 1811 damone
1573 1754 1764 1827 corporaliter

58 1850 204 1923 Legimus
219 1846 367 1919 etquidem
383 1845 506 1909 multoe,
523 1846 604 1916 prius
617 1845 886 1901 obcaeceadaemo·
941 1850 1061 1899 vexatae
1077 1846 1173 1911 luerit,
1190 1851 1240 1899 aut
1256 1844 1362 1899 dixerit
1388 1861 1419 1899 ae
1448 1844 1682 1913 vexari‚deloco
1711 1842 1763 1900 ilio

58 1940 192 2003 cibum
207 1936 330 1993 Domino
355 1935 502 1989 liberatus.
520 1933 661 1990 Novimus
687 1938 784 1988 contra
800 1947 887 1987 rexa-
938 1936 1092 1990 conieetrm
1118 1939 1245 1999 amatus,
1262 1933 1331 1987 alibi
1348 1933 1382 1988 ad
1399 1935 1542 2006 agendam
1561 1932 1762 2005 poenitentiam

57 2030 157 2085 tiouee
167 2024 339 2097 bujuamcdi
352 2028 463 2078 certum
476 2021 887 2087 remediumenurcismornm
940 2023 1108 2079 collocetur.
1120 2024 1199 2087 Quod
1214 2024 1238 2076 ei
1255 2037 1307 2077 nec
1319 2021 1361 2076 aie
1377 2021 1470 2076 curati
1488 2022 1596 2077 tuerint
1607 2021 1650 2077 vel
1665 2038 1762 2078 corre·

59 2116 208 2178 videlicet,
224 2113 279 2170 clei
295 2112 480 2167 intirmorum
493 2117 522 2165 et
534 2127 613 2180 aque
629 2110 788 2165 benedictae
800 2110 828 2164 iu
840 2125 889 2165 ec·
940 2111 989 2181 cti,
999 2113 1053 2167 huc
1063 2111 1146 2167 nobie
1158 2118 1329 2182 pervestree
1339 2111 1763 2184 litteraeintimetia,utbujua·

60 2204 155 2263 alceia
168 2203 351 2259 institutum.
376 2199 447 2263 Ouia
463 2199 554 2269 iqitur
571 2198 702 2253 crederet
717 2199 807 2270 quod,
823 2202 889 2268 poet
941 2202 1019 2256 modi
1037 2200 1192 2270 collegium
1210 2200 1377 2255 dividamus
1391 2199 1488 2270 (6561.)
1505 2200 1648 2256 llcneatia
1663 2206 1761 2257 eutem

60 2309 198 2352 amaram
209 2290 416 2348 contritionem
429 2288 537 2355 cordis,
548 2303 646 2342 veram
659 2288 719 2342 orie
731 2286 889 2342 ccnlesrio·
940 2307 973 2346 ex
986 2294 1067 2362 parte
1083 2295 1182 2345 nostra
1196 2288 1393 2345 venerabilem
1410 2290 1527 2344 l'ralrem
1545 2296 1678 2345 acetrum
1683 2329 1750 2345 ......
1756 2308 1763 2323 ·

61 2399 131 2440 narn
148 2380 367 2437 etiructuceam
384 2377 615 2433 eatieiacticuem
633 2375 740 2448 operis,
752 2392 815 2447 que
827 2392 888 2430 ma·
941 2379 1175 2434 Bonnuniencem
1190 2379 1423 2451 epiecopum‚et,
1435 2378 1458 2433 ei
1471 2393 1590 2434 necesse
1607 2380 1766 2452 luerit,per

59 2472 141 2529 xime
156 2471 186 2526 in
198 2468 314 2541 ieiunio
330 2470 359 2522 et
374 2468 505 2522 cretione
518 2466 663 2529 consistit,
680 2466 813 2536 aliquiea
831 2467 890 2521 dae·
942 2484 1096 2524 censuram
1113 2466 1356 2533 ecclesiasticam,
1374 2466 1571 2538 appellatione
1590 2469 1766 2540 postposita,

61 2576 152 2618 mone
163 2557 354 2631 corporaliter
364 2555 627 2624 vexareturlilum,
637 2553 890 2619 econtra,Veritaa
942 2555 1139 2629 compellatio,
1156 2560 1187 2611 ut
1203 2555 1322 2611 interim
1339 2556 1375 2610 ab
1386 2572 1487 2611 eorum
1501 2556 1704 2613 molestatione
1715 2558 1766 2612 de-

61 2642 889 2720 1666663666(661661616666666663666666166616-
943 2646 1038 2700 elatat.
1054 2643 1135 2708 Quod
1166 2642 1191 2698 61
1221 2660 1278 2699 nou
1294 2659 1433 2700 omnen...
1448 2649 1491 2712 tn,
1509 2645 1597 2700 irater
1618 2644 1767 2718 episcope,

63 2755 132 2795 rum
151 2754 209 2793 aua
221 2736 348 2806 ejicitur,
365 2732 421 2788 uisi
438 2733 467 2787 in
482 2732 611 2788 cretione
626 2737 655 2787 el
664 2732 789 2803 jejunio.
807 2729 892 2785 abuit
944 2749 1009 2789 cum
1027 2748 1128 2789 eorum
1145 2730 1248 2799 altero,
1265 2736 1319 2787 etc.

61 2829 121 2884 hcc
137 2843 155 2882 a
169 2826 227 2881 ilde
242 2822 386 2880 catholica
399 2824 404 2878 l
419 2821 496 2877 absit
511 2828 543 2877 ut
559 2821 702 2892 templum
720 2821 768 2875 Dei
781 2819 892 2875 habita·
979 2821 1085 2877 Datum
1098 2821 1206 2887 Rome,
1223 2820 1299 2893 apud
1315 2821 1453 2876 murtam
1470 2819 1766 2889 Petrum,v11Keleu·

62 2915 167 2974 culam
182 2914 222 2970 eit
235 2911 353 2977 diaboli,
370 2917 399 2966 et
411 2912 574 2966 aacrarium
592 2912 685 2965 sancti
707 2911 833 2981 spiritua
853 2912 893 2963 eit
944 2911 998 2967 dae
1014 2910 1193 2966 Decembris.

62 3003 212 3063 demonia
226 3008 344 3059 autrum
357 2999 363 3054 1
376 3015 443 3056 cum
462 3017 518 3054 non
531 3000 701 3055 siteocietae
717 3000 792 3054 lucie
804 2999 839 3053 od
850 3003 892 3052 te·
1294 2998 1417 3057 GLvtll.

63 3087 894 3163 666666666666616611666616116611611611616666
949 3104 1184 3146 ...ateramum
1211 3102 1344 3144 curacura
1373 3089 1456 3159 (657),
1484 3104 1528 3144 aa.
1548 3130 1580 3145 ..
1604 3104 1703 3145 aeenrr
1732 3105 1767 3145 aa

64 3184 159 3257 igitur
172 3180 250 3235 virae
279 3183 398 3234 aanctue
422 3176 580 3239 interdurn.
599 3179 630 3231 at
650 3176 716 3244 lob,
732 3177 861 3231 exterius
876 3144 930 3231 aii
1265 3194 1356 3233 sacena
1372 3178 1455 3250 (658).

65 3267 255 3328 6616661666
283 3264 426 3332 infestari,
442 3265 492 3320 eed
510 3264 606 3319 vexari
622 3281 669 3320 ecs
689 3265 813 3320 interius
828 3269 893 3320 tau·
947 3270 978 3327 til
993 3268 1032 3323 ad
1054 3266 1250 3322 munerarium
1278 3268 1414 3336 torotense
1441 3267 1606 3334 accedentes,
1623 3283 1767 3338 perronam

64 3375 159 3434 quam
174 3357 352 3427 arreptitios,
369 3354 541 3409 dil'litemur.
552 3356 660 3409 Verum
673 3354 803 3409 esteaim
816 3354 894 3410 testi·
1016 3340 1142 3395 idlmssssm
1158 3340 1190 3394 5²¹
1205 3338 1338 3393 “imm
1351 3339 1420 3407 ‘lidi'
1433 3350 1586 3412 P'MWM
1601 3340 1684 3413 (⁶59)-

64 3448 202 3506 menium
214 3443 363 3510 Veritatis,
376 3459 428 3498 nec
439 3444 474 3498 de
486 3443 639 3498 mendacio
651 3442 786 3515 redargui
799 3446 895 3514 pateat
1214 3425 1298 3493 (Non.
1313 3425 1503 3499 Περ9111111131

65 3537 119 3594 iiie
135 3536 188 3608 qai
216 3540 367 3606 peccatum
386 3548 443 3587 non
462 3532 539 3600 lecit,
557 3549 609 3588 nec
625 3532 710 3587 dolus
726 3533 813 3586 estin
830 3534 894 3602 eiua
983 3536 1056 3592 Cam
1073 3552 1090 3591 a
1109 3535 1286 3607 quibuspam
1304 3535 1567 3607 predecessoribus
1582 3536 1769 3604 cosarianu-

66 3642 122 3685 ore
130 3629 275 3697 repertae.
291 3621 482 3694 lpaequidem
493 3621 522 3675 in
536 3622 893 3693 Evangelioproteatetur:
947 3627 1024 3698 gien.
1043 3625 1266 3688 inonaeterium,
1277 3625 1353 3695 quod
1365 3625 1401 3680 ad
1419 3624 1585 3681 Romanum
1601 3625 1770 3699 pontillcem

66 3717 101 3772 Si
110 3714 175 3788 quia
185 3710 290 3782 diltipit
301 3727 355 3778 me,
364 3723 520 3766 sermonem
532 3726 623 3765 meum
634 3711 770 3776 servabit,
781 3718 805 3764 et
814 3710 897 3763 Pater
949 3712 1028 3771 nullo
1045 3714 1172 3784 pertinet
1188 3713 1370 3769 mediante...
1387 3714 1524 3786 episcopo
1542 3713 1772 3782 Constantienei,

67 3820 149 3862 meac
163 3802 258 3873 dilipct
272 3816 347 3864 eum,
361 3807 386 3855 et
399 3799 434 3853 ad
449 3815 511 3854 eum
524 3801 675 3865 certemus,
691 3803 719 3854 et
742 3798 819 3869 apud
832 3814 896 3853 cum
949 3803 1017 3859 olim
1033 3800 1121 3857 luerit
1135 3801 1170 3856 ad
1184 3805 1296 3857 certum
1306 3807 1424 3874 tempus
1434 3803 1641 3874 commieeam,
1654 3818 1773 3860 neceaaa

68 3895 245 3952 mulonem
259 3892 392 3960 suciamus
407 3888 500 3959 (1666.
527 3890 592 3959 arv).
608 3888 738 3951 Qualiter
752 3903 821 3959 ergo
836 3888 897 3943 dae·
949 3897 994 3949 eet
1008 3892 1124 3954 amodo,
1140 3907 1205 3946 curn
1216 3891 1280 3962 jam
1292 3891 1437 3948 eltluxerit
1457 3900 1573 3966 tempua
1584 3893 1668 3958 illud,
1678 3893 1774 3950 eidem

70 3999 142 4040 mon
155 3995 225 4036 curat
241 3978 406 4034 inhabitare
423 3980 624 4048 praesumeret,
641 3976 670 4031 iu
687 3992 745 4048 quc
770 3976 898 4032 Poterat
951 3980 1127 4038 monasterio
1142 3980 1171 4034 in
1189 3996 1314 4053 persone
1330 3981 1434 4038 idonea
1448 3983 1602 4055 provideri.
1620 3982 1775 4051 Quocirca,

71 4067 350 4141 Filiuaeligerentet
359 4070 488 4122 lacerent
498 4064 898 4136 mensionem‘llligmentum
950 4068 1118 4126 discretioni
1128 4075 1229 4124 vestre
1241 4085 1292 4142 per
1302 4070 1461 4142 apostolica
1473 4072 1583 4144 scripta
1593 4073 1771 4128 mandamus

114 4212 182 4284 653)
197 4208 359 4281 Maurique,
379 4208 451 4273 Vide,
468 4212 496 4262 61
511 4207 585 4263 inira
596 4213 621 4262 el
632 4206 702 4279 legit
718 4223 897 4280 proquoque.
951 4215 1047 4267 auctor
1061 4210 1212 4265 Annalium
1228 4209 1461 4281 cirterciensium)
1478 4230 1535 4268 non
1551 4211 1633 4267 licuit
1653 4216 1773 4283 praeter-

116 4285 183 4355 654)
202 4305 213 4333 ι
231 4280 294 4336 llaec
311 4280 612 4350 innocentiuezqute.
632 4288 663 4332 ut
690 4297 746 4333 non
773 4284 900 4335 debeant
952 4281 1772 4348 ire;eed,anedsimilesextendendaeint,aliurumlin-

71 4357 187 4414 cenacri
204 4352 379 4416 inl'allibilia,
408 4352 478 4421 quia
495 4351 629 4420 privatim
647 4350 736 4418 dicta,
753 4355 783 4405 at
801 4349 899 4413 areeri
952 4353 1773 4427 666166161661666666666616616661.11661666166611.

72 4445 132 4486 uon
149 4431 245 4499 pateat
259 4425 337 4479 dicte
352 4423 524 4494 gravissime
536 4442 543 4489 3
556 4428 585 4476 et
597 4426 668 4477 tanti
684 4423 821 4492 ponderis
837 4438 898 4477 rem
987 4425 1059 4496 (657)
1076 4424 1143 4478 Post
1158 4423 1309 4492 llugonem
1333 4425 1367 4483 11.
1383 4442 1460 4479 6666
1487 4427 1565 4490 1172,
1583 4425 1775 4481 Baeibeneem

71 4516 140 4557 ecee
156 4497 279 4570 putavit,
294 4502 327 4550 ut
342 4496 465 4564 dignum
482 4498 580 4548 atatim
604 4495 761 4549 crediderit
777 4495 811 4548 de
839 4510 899 4564 que
916 4502 936 4566 0
952 4497 1122 4568 episcopum
1140 4495 1312 4565 lupoldum,
1322 4496 1366 4551 cel
1378 4495 1545 4562 lutoldum,
1558 4498 1598 4553 uct
1616 4497 1776 4563 batallum,

73 4570 248 4628 immediate
263 4582 313 4637 per
326 4567 423 4637 ipsum
450 4567 657 4636 inquireretur.
675 4564 768 4630 Unda,
794 4568 896 4621 imme·
952 4568 1132 4629 immediate,
1149 4568 1200 4621 aed
1217 4566 1334 4622 nonniai
1350 4584 1427 4622 anno
1443 4568 1522 4637 1207,
1539 4574 1703 4625 memorant
1724 4584 1778 4623 au·

74 4645 154 4699 diota
169 4642 246 4725 (1616,
261 4638 358 4699 initio.
375 4639 437 4692 uide
451 4639 555 4706 cupro),
568 4639 703 4692 ineisern
721 4635 826 4692 litterie
837 4637 900 4692 ait:
956 4648 1051 4697 ctoree
1078 4640 1177 4694 ueteris
1204 4637 1299 4695 661116
1321 4638 1504 4711 Clarieta'oaoe,
1521 4646 1542 4699 t.
1561 4642 1595 4708 ll,
1621 4656 1687 4712 pag.
1713 4638 1777 4707 351,

73 4714 243 4785 Naaigitar,
254 4716 308 4766 etc.
322 4708 742 4780 Exspectabaturproditurum
753 4708 901 4778 judicium
956 4710 1011 4770 col.
1026 4711 1054 4775 2,
1070 4711 1112 4764 lit.
1128 4712 1160 4767 C,

74 4786 106 4843 in
124 4802 155 4841 ra
168 4782 344 4857 gravissima
360 4781 394 4835 de
417 4779 498 4835 vultu
527 4781 698 4845 iunocentii,
711 4781 773 4850 qui,
788 4797 850 4848 qua
871 4779 900 4834 in
992 4781 1149 4838 Bucelinue
1163 4798 1241 4845 vero,
1256 4784 1386 4837 German.
1399 4798 1489 4851 saca,
1507 4788 1581 4853 part.
1607 4799 1633 4848 r,
1649 4799 1714 4852 pan.
1730 4782 1777 4852 57,

75 4856 223 4930 principio
239 4861 271 4910 ut
282 4854 383 4907 ductor
397 4851 576 4918 tradidisset,
592 4852 738 4906 deltiniret
758 4856 790 4905 ut
807 4849 902 4922 ponti·
957 4854 1012 4908 col.
1030 4853 1055 4918 1,
1071 4853 1170 4915 trudit,
1187 4852 1312 4908 ilenrico
1327 4855 1362 4909 ab
1378 4853 1556 4925 Horneberg,
1574 4853 1725 4910 nonnullis
1739 4854 1777 4909 ab

75 4923 554 5000 lex,atqueultirnanrsenteutiam
566 4925 903 4993 pronuntiaretllerum,
958 4924 1120 4995 llomburg,
1137 4927 1187 4995 qui
1203 4925 1231 4979 iu
1247 4924 1428 4995 expeditione
1440 4926 1467 4980 in
1479 4932 1587 4982 terram
1600 4932 1732 4981 aanctam
1743 4926 1777 4980 A.

75 5017 145 5059 cum
158 5016 205 5055 ree
215 4997 354 5067 utrinque
363 4995 502 5054 ventilata
513 5006 600 5066 atque
609 4996 746 5065 utrinque
756 4995 902 5061 diecuaea,
957 5000 986 5053 6.
1005 4996 1073 5051 1189
1088 4997 1210 5061 obteret,
1222 4995 1390 5052 immediate
1401 4998 1581 5054 eucceaeieee
1592 4996 1778 5064 Icutoldum,

76 5089 135 5129 nan
146 5065 903 5137 fecilembaberetsolationem,necvideretururgere
958 5070 1112 5123 dominum
1128 5067 1163 5123 de
1179 5066 1324 5135 Rottelen,
1336 5070 1384 5141 qui
1401 5069 1475 5125 obiit
1488 5074 1517 5125 t.
1534 5070 1564 5125 C.
1583 5069 1662 5124 1213.

74 5142 233 5206 deffinitio,
264 5137 517 5209 lacuitjudicibua
529 5154 647 5193 caueam
669 5136 804 5206 delegare
828 5135 903 5192 teeti
994 5139 1066 5211 (658)
1083 5138 1153 5194 Vide
1169 5138 1308 5210 epistolae
1323 5140 1389 5195 libri
1407 5142 1504 5212 quinti
1528 5142 1574 5206 99,
1591 5150 1651 5196 not.
1667 5147 1695 5195 et
1712 5135 1781 5194 libri

74 5224 146 5272 aaut
157 5158 416 5274 ealtassaduoviri
430 5210 537 5280 pietate
551 5207 686 5280 praecipui
700 5208 903 5280 doctrinaque,
959 5219 1074 5279 septimi
1090 5209 1135 5265 89.

76 5283 275 5345 ferrariensis
290 5282 458 5352 epiecopus,
475 5281 626 5344 nimirum,
639 5287 727 5350 atque
744 5281 835 5335 abbae
850 5280 903 5336 Co·
994 5282 1068 5351 (659)
1078 5279 1259 5337 Cauterecda
1271 5280 1391 5337 omnino
1403 5281 1633 5339 heeinuoeentti
1645 5281 1782 5353 epistola,

74 5358 196 5419 lumbe,
208 5363 296 5427 atque
307 5352 366 5407 illia
376 5353 540 5421 injunctum
551 5355 587 5407 ab
599 5352 778 5408 innocentio.
799 5358 904 5424 quate·
959 5368 1024 5407 curn
1039 5354 1083 5407 bie
1099 5369 1163 5478 que
1180 5352 1209 5407 in
1224 5368 1295 5407 noua
1308 5353 1402 5410 Gallae
1415 5355 1582 5423 Christiane,
1597 5361 1667 5409 tom.
1679 5352 1714 5416 V,
1728 5352 1784 5409 col.

77 5446 149 5489 nae,
166 5434 222 5486 etc.
239 5451 253 5476 u
269 5422 370 5494 Anpel,
383 5424 533 5495 Maurique,
552 5425 603 5481 loe.
620 5425 667 5480 cit.
957 5424 1011 5478 915
1026 5433 1054 5479 et
1068 5424 1102 5479 98
1123 5469 1131 5492 ‚
1148 5438 1200 5479 nec
1216 5440 1274 5480 nou
1289 5426 1367 5493 apud
1390 5426 1569 5495 bucelinum,
1584 5429 1677 5481 darm.
1706 5440 1784 5481 eurr.

122 5500 266 5571 bibinae
281 5497 430 5553 Mauricae
446 5496 552 5551 omitit.
959 5500 1033 5567 part.
1064 5512 1096 5564 6,
1113 5512 1180 5567 pag.
1210 5495 1253 5561 10,
1284 5494 1338 5551 cul.
1366 5494 1516 5567 leguntur,
1543 5500 1579 5554 de
1608 5494 1792 5559 Dietbelmu,

123 5574 188 5642 656)
206 5591 218 5621 ι
236 5571 382 5627 llacteuua
393 5568 592 5637 innocentiae,
606 5568 634 5621 in
646 5565 696 5620 illo
711 5581 794 5627 casu.
808 5581 843 5620 ao
854 5565 904 5622 ab·
958 5568 1096 5638 episeopo
1111 5566 1439 5628 cucumerarium!
1451 5585 1484 5624 ac
1497 5570 1604 5628 abbate
1615 5564 1801 5625 monattarl't

78 5646 180 5705 batem
195 5642 356 5707 Columbae,
366 5638 581 5711 collegamque,
592 5655 655 5710 que
670 5637 742 5695 adeo
758 5636 843 5694 nobie
855 5638 906 5709 (ait
958 5637 1124 5710 augiensis.
1150 5635 1221 5695 vida
1236 5641 1328 5700 etiam
1341 5639 1496 5711 epictetum
1513 5640 1582 5701 libri
1604 5632 1744 5714 septimi
1756 5633 1808 5689 31·
