3788 6022
604 223 814 282 INNOCRNTH
832 221 872 276 111
889 220 945 276 1³1³.
962 214 1208 275 ambercourt
1225 218 1294 275 tte.
1314 220 1364 273 xl.
1780 212 1843 268 tito

484 349 615 407 CLXVII.
974 344 1139 428 Acpiecopo
1158 345 1289 417 cuiquem
1307 347 1358 401 out
1372 358 1467 400 eorum
1490 338 1630 397 miar’strie
1647 339 1738 397 liccat
1758 340 1843 397 maer

412 456 524 496 nucero
537 455 685 496 sciscere.
1013 435 1115 507 ipsum,
1129 434 1242 492 scilicet
1265 432 1477 491 monasterium
1500 429 1707 500 ficheclense,
1727 429 1771 486 eal
1790 431 1842 500 oss

174 529 375 601 confirmantur
387 530 538 602 privilepr'o
560 527 768 585 monosteriide
781 523 922 583 Ficbecbc.
1013 523 1158 582 monachor
1180 531 1228 581 cut
1257 524 1414 596 adjacentes
1437 519 1566 579 ecolesma
1591 519 1626 576 dc
1652 519 1844 579 werinmar

297 619 469 688 (Ferentini,
487 635 509 674 ιι
523 617 588 675 ital.
603 614 799 687 Novembris.)
1013 630 1075 671 eam
1095 615 1211 687 capellis
1225 614 1282 670 sub
1301 614 1345 670 oet
1363 612 1538 685 presbyteres
1559 610 1595 667 ob
1618 609 1723 666 abbate
1744 612 1845 667 comti-

173 709 231 782 (83)
247 708 323 765 Dum
339 706 420 778 olim,
436 699 960 781 iraterepiscope,cumdilectisliliis
1013 707 1085 761 letos
1105 703 1210 760 abidam
1227 706 1328 776 practer
1353 701 1470 759 Romani
1481 700 1620 773 porrtiplcie
1642 700 1843 756 commeatu

139 798 245 855 abbate
259 813 292 854 ac
308 797 460 854 monacbis
474 796 574 854 Sancti
588 796 748 854 salvatoris
762 795 798 851 de
818 789 960 850 Ficbecbo
1013 792 1259 851 excommunicare
1272 797 1322 849 out
1334 806 1492 865 supponere
1505 788 1672 847 interdicto.
1689 788 1844 862 Proposuit

137 903 229 960 snper
243 885 328 958 plebe
342 886 377 942 ds
389 885 580 944 Selamazano
590 892 619 943 et
626 884 828 957 adjacentibus
838 879 961 955 capellis
1014 887 1154 956 preterea
1165 883 1262 940 dictus
1276 882 1370 939 abbas
1381 881 1469 953 quod,
1487 879 1543 936 etsi
1558 879 1707 953 praedicta
1717 878 1756 936 ad
1771 880 1843 935 sede

136 975 232 1048 ipsius
248 974 280 1031 in
295 979 397 1031 nostra
409 975 564 1047 praesentia
579 975 732 1047 litigando,
743 970 960 1029 institutionem
1014 972 1164 1028 communi
1176 973 1245 1043 jure
1258 974 1435 1045 spectarunt,
1451 986 1540 1041 super
1554 968 1592 1025 iis
1605 973 1713 1025 tamen
1730 972 1791 1024 tam
1805 967 1844 1040 ip

50 1068 54 1075 ’
136 1064 310 1121 clericorum
333 1064 363 1121 in
387 1065 430 1120 cis
453 1064 552 1121 etalio
575 1065 674 1136 adjus
701 1060 866 1135 episcopale
892 1073 960 1129 spe·
1015 1078 1080 1118 sum
1098 1077 1186 1135 quam
1203 1057 1677 1132 monasteriumsnumlegitima
1692 1057 1844 1115 constabat

136 1153 473 1219 etantiavindicnres,ad
482 1153 663 1210 fundandam
674 1151 867 1208 intentionem
877 1153 961 1205 tuem
1015 1150 1233 1224 prescriptione
1249 1150 1405 1208 munitum.
1422 1149 1477 1206 Per
1490 1152 1581 1206 testes
1594 1163 1722 1220 qnoque
1736 1163 1806 1204 suos
1818 1153 1844 1203 et

132 1243 184 1314 jus
199 1259 356 1300 commune
371 1241 573 1316 principaliter
584 1240 844 1315 allegabae,!eujus
859 1241 962 1294 aucto·
1016 1240 1108 1313 partis
1132 1245 1198 1311 too,
1214 1241 1265 1313 qui
1291 1256 1389 1297 eoram
1413 1238 1520 1295 dilecto
1542 1236 1604 1294 lilio
1626 1236 1731 1310 priora
1752 1235 1844 1293 Sancti

135 1331 223 1389 ritate
237 1332 354 1389 dicebas
369 1331 506 1389 universa
529 1331 695 1405 spiritualia
708 1330 738 1386 in
754 1326 902 1403 predictis
917 1325 962 1384 lc·
1016 1328 1145 1388 Fridiani
1160 1329 1270 1387 Lucani
1288 1329 1323 1386 de
1339 1330 1478 1387 mandato
1493 1333 1595 1386 nostro
1615 1327 1741 1383 lucrant
1756 1324 1844 1383 utrin-

134 1421 190 1489 cis,
206 1438 271 1494 ques
286 1427 358 1478 sunt
373 1421 402 1477 in
418 1425 470 1479 tua
484 1421 602 1479 dioecesi
617 1421 790 1489 constituta,
807 1418 843 1475 ed
858 1421 886 1474 te
896 1421 962 1473 tan·
1015 1436 1073 1493 qne
1088 1420 1234 1493 producti,
1251 1419 1367 1475 dicebat
1385 1434 1450 1475 esse
1465 1417 1623 1490 probatum
1651 1415 1736 1488 quod
1758 1431 1844 1487 snper

137 1527 228 1585 quam
242 1511 280 1568 ad
296 1511 495 1568 diaecesanum
515 1512 689 1584 episcopum
705 1509 860 1581 pertinere.
876 1504 960 1562 Arbi·
1016 1507 1177 1580 premissis
1189 1506 1646 1565 omnibusmonasteriumsuum
1659 1503 1846 1578 perqnadra·

135 1600 226 1656 trium
252 1605 390 1674 praeterea
404 1616 495 1672 super
517 1601 573 1657 hoc
596 1597 814 1674 promulgatum
837 1613 855 1653 a
878 1594 961 1651 bona
1015 1596 1096 1670 ginta
1111 1613 1206 1655 annos
1220 1606 1248 1654 et
1263 1594 1391 1670 amplius
1406 1595 1529 1669 pacillca
1542 1595 1641 1650 lueret
1657 1592 1845 1666 possessione

38 1721 41 1725 ·
136 1690 285 1747 memorie
296 1686 961 1762 Pistoriensiepiscopoetsrcbipresbpteroac
1015 1682 1846 1760 gavisum,allegansinseperperarbitriumsaepedictam

135 1777 303 1851 primicerio
319 1778 607 1852 Lucanisspertibus
617 1771 960 1847 electisallegans,qued
975 1733 1000 1800 Β
1014 1774 1129 1832 nullum
1144 1777 1277 1849 potuisse
1287 1773 1465 1833 monasterio
1477 1771 1688 1846 praeJ‘ndicium
1701 1770 1845 1845 generari,

136 1866 173 1923 sb
188 1872 315 1940 utraque
329 1872 412 1940 parte
426 1869 522 1925 lucrat
541 1866 738 1924 communiter
751 1862 959 1937 approbatum,
1012 1870 1076 1922 tum
1093 1866 1163 1937 quia
1178 1864 1417 1938 majoretsanior
1428 1880 1496 1938 pars
1506 1859 1845 1935 capituliejusdemloci

136 1955 167 2012 in
184 1972 242 2028 qno
264 1956 428 2014 continetur
441 1974 578 2031 expresse
592 1961 625 2013 nt
637 1959 793 2030 postquam
806 1951 838 2008 in
857 1952 961 2009 eedem
1013 1954 1183 2012 nullatenus
1195 1952 1451 2028 compromissioni
1462 1955 1630 2008 memoratas
1641 1953 1844 2018 consenserat,

137 2044 222 2120 plebe
243 2062 402 2104 conversus
425 2048 580 2119 quisquam
605 2046 636 2102 in
660 2045 820 2118 plebanum
849 2038 961 2098 electus
1013 2043 1178 2100 tumeliam
1194 2041 1691 2116 quiaRomanesedisanctoritas,
1708 2039 1842 2112 adquam

137 2135 226 2192 luerit
239 2137 276 2193 ab
291 2137 407 2208 abbate,
424 2137 540 2193 Lucano
554 2137 691 2210 episcopo
706 2135 908 2206 presentetur,
923 2128 962 2186 ab
1015 2133 1225 2191 monesterium
1251 2138 1280 2191 et
1303 2133 1432 2190 ecclesie
1457 2130 1658 2204 pertinebunt,
1683 2129 1843 2186 accessisse

138 2223 203 2297 ipso
213 2226 446 2282 confirmationis
457 2225 583 2298 gratiam
599 2230 781 2297 recepturus,
797 2224 826 2278 st
836 2217 962 2291 promis·
1015 2223 1336 2296 minimeprobabatur.
1353 2223 1397 2278 Ad
1410 2222 1470 2277 hec
1487 2225 1585 2277 eutem
1595 2236 1629 2276 cx
1641 2223 1728 2291 parte
1738 2223 1844 2275 tuasx·

138 2330 227 2371 suros
250 2315 346 2371 eidem
362 2331 428 2371 cum
444 2313 508 2371 suis
531 2313 709 2387 presbyteris
723 2311 780 2368 sub
798 2309 853 2365 bac
869 2307 963 2364 forme
1015 2312 1143 2368 stititsic
1154 2329 1342 2386 responsum,
1356 2308 1594 2385 quodprivilegio
1605 2308 1742 2382 Gregorii
1757 2324 1843 2381 papo,

139 2403 336 2460 obedientiam
348 2402 605 2460 manualemutad
619 2396 963 2476 synodumcapitulum,
1016 2407 1116 2475 utpote
1138 2404 1293 2459 manifeste
1314 2405 1463 2473 suspecto,
1488 2400 1561 2455 tides
1587 2397 1762 2455 adhibenda
1790 2413 1844 2453 non

139 2495 169 2545 (ti
182 2491 272 2546 etium
288 2490 407 2547 litanias
422 2491 458 2547 ad
474 2491 628 2548 ecelesiam
649 2488 747 2547 Sancti
762 2484 879 2545 Martini
894 2498 963 2541 cum
1016 2496 1088 2547 erat,
1104 2495 1179 2548 Nam
1194 2491 1224 2547 in
1240 2492 1332 2548 egeni
1348 2488 1649 2563 porleinvoniebaiur
1663 2486 1844 2543 abrasumin

138 2580 247 2652 P⁰l³¹¹¹⁰
272 2597 326 2637 ⁸¹¹⁰
341 2580 439 2650 Vbdlb
460 2586 490 2636 et
503 2580 642 2653 09120090
656 2580 687 2636 5¹¹
704 2593 803 2634 ἨΜ
823 2589 963 2648 ltfflssffl‘
1016 2598 1075 2653 qua
1094 2581 1138 2637 vis
1152 2580 1325 2652 questionis
1339 2579 1448 2648 existit,
1465 2577 1515 2634 nbi
1531 2576 1671 2633 videlicet
1686 2575 1721 2631 lit
1738 2575 1843 2632 mentio

138 2668 217 2726 tione
232 2686 265 2726 ac
281 2671 316 2725 de
331 2675 434 2741 quarta
449 2670 626 2742 respondeat
641 2670 835 2734 decimarum,
851 2669 962 2722 etcum
1015 2672 1052 2727 do
1066 2670 1198 2743 capellis,
1213 2671 1269 2727 sod
1285 2687 1339 2727 noo
1355 2686 1407 2743 por
1421 2668 1478 2726 olio
1494 2665 1649 2741 privilegia
1660 2666 1844 2738 proponebas

139 2773 260 2815 necesse
276 2760 374 2829 luerit,
391 2760 416 2815 ei
433 2758 639 2816 subministret
655 2758 810 2822 auxilium,
826 2761 855 2811 et
869 2755 964 2809 servet
1016 2760 1151 2816 eumdem
1171 2760 1306 2818 abbatem
1323 2759 1441 2832 aliquod
1467 2758 1573 2815 debore
1590 2756 1789 2812 commodum
1803 2772 1843 2811 ro·

139 2848 203 2918 ejus
213 2849 390 2905 sententiam
403 2848 551 2905 interdicti
561 2849 651 2906 latam
664 2848 694 2904 in
704 2845 848 2920 populum
862 2841 962 2899 l'icbo·
1016 2855 1143 2922 portare,
1157 2866 1224 2906 oum
1241 2849 1292 2906 illo
1306 2850 1476 2906 viderentur
1490 2863 1542 2920 per
1552 2845 1779 2916 subreptionem
1794 2845 1842 2901 ob·

139 2937 280 3007 alensem,
295 2937 354 2993 etsi
370 2936 514 3010 plebanus
528 2937 572 2994 vel
584 2937 745 3010 presbyteri
756 2936 802 2992 sui
814 2935 962 2991 Lucanam
1015 2943 1108 3009 tonsa,
1125 2957 1191 2996 cum
1207 2940 1243 2996 de
1257 2939 1395 3012 proedicto
1410 2936 1532 2994 arbitrio
1549 2953 1567 2992 2
1581 2934 1721 3008 parribus
1737 2951 1843 3006 oppos).

138 3025 299 3084 Ecclesiam
314 3028 412 3084 forsan
429 3027 610 3084 offenderent
623 3027 653 3083 in
668 3027 706 3083 iis
718 3042 785 3099 quse
795 3024 825 3081 in
841 3022 962 3080 arbitrio
1015 3028 1094 3098 bato,
1110 3029 1187 3100 quod
1203 3028 1233 3084 in
1246 3028 1287 3085 rei
1298 3027 1437 3100 judicate
1451 3025 1658 3082 auctoritatem
1674 3024 1842 3089 mansiemt,

138 3115 334 3185 continentur,
350 3120 380 3172 ct
394 3116 485 3173 abbas
498 3117 588 3173 semel
603 3121 632 3172 et
647 3115 692 3171 bis
708 3115 869 3189 requisitus
885 3114 961 3170 inira
976 3091 998 3160 ὓ
1017 3116 1129 3174 nullom
1147 3118 1235 3174 locist
1247 3117 1436 3175 mentionem.
1449 3114 1597 3186 Adjiciens
1607 3113 1737 3186 insuper
1751 3118 1780 3169 te
1791 3128 1844 3169 non

137 3203 241 3276 viginti
259 3203 323 3262 dies
334 3202 478 3261 offensam
493 3220 551 3260 non
563 3204 671 3261 laceret
685 3203 847 3272 emendari,
863 3202 965 3260 liceret
1015 3223 1101 3280 posse
1116 3207 1346 3279 prescriptionis
1369 3206 1484 3279 objectu
1500 3204 1537 3261 eb
1560 3204 1685 3259 adversa
1701 3206 1789 3274 parts
1804 3217 1844 3258 re·

136 3293 253 3350 Lucano
276 3293 413 3367 episcopo
428 3310 480 3366 pro
495 3292 546 3350 illn
561 3293 648 3366 culpa
661 3310 711 3350 cos
735 3298 877 3366 tanquam
892 3309 964 3350 snos
1015 3296 1104 3370 pelli;
1119 3298 1188 3370 qnia
1203 3296 1272 3354 licet
1285 3297 1506 3369 quidamtestes
1520 3295 1675 3367 deponent
1690 3309 1724 3349 se
1741 3310 1761 3350 a
1776 3309 1842 3365 qua·

137 3382 322 3456 presbyteros
328 3383 473 3455 judicare.
486 3383 529 3439 ed
540 3383 703 3439 elidendam
713 3388 813 3439 autem
823 3382 964 3438 intentio·
1015 3386 1152 3459 draginta
1176 3404 1320 3444 annorum
1336 3391 1469 3458 tempore
1484 3382 1643 3449 recordari,
1659 3387 1689 3438 et
1704 3382 1846 3453 adjiciant

138 3487 206 3528 nem
231 3477 313 3529 tuam
338 3473 431 3529 abbae
455 3472 611 3545 predictus
633 3471 726 3528 lelicis
752 3471 963 3528 recordationis
1016 3476 1170 3534 sevidisse
1185 3475 1398 3533 monasterium
1424 3491 1514 3546 super
1527 3472 1564 3529 iis
1579 3488 1645 3544 quac
1666 3472 1704 3528 ad
1718 3473 1774 3543 jus
1787 3471 1844 3542 epi-

137 3561 270 3634 Gregorii
286 3561 405 3634 septimi
431 3578 511 3634 pope
527 3561 751 3633 predecessoris
767 3562 861 3617 nostri
877 3561 964 3633 priri·
1015 3564 1133 3638 scepeie
1148 3570 1282 3638 spectant
1297 3565 1326 3620 in
1349 3563 1498 3637 predictis
1512 3560 1584 3618 locis
1606 3559 1750 3616 libertate
1765 3558 1843 3633 gaci·

139 3648 252 3723 logium
261 3650 513 3722 exhibebat,quod
526 3651 859 3722 praedictumnrbitrium
871 3648 963 3707 nrulto
1016 3672 1092 3722 sum,
1101 3672 1151 3728 por
1162 3655 1359 3727 depositiones
1370 3658 1470 3710 lumen
1484 3651 1658 3723 hujusmodi
1672 3650 1710 3706 dc
1719 3650 1845 3722 quadra·

139 3738 294 3794 videbatur
317 3744 448 3811 tempore
464 3740 661 3812 precessisse,
677 3756 729 3811 per
750 3741 900 3811 quodiam
918 3739 963 3795 Fi·
1015 3745 1097 3818 ginta
1112 3761 1256 3801 annorum
1273 3743 1461 3817 possessione
1477 3741 1619 3797 continua
1630 3757 1690 3797 non
1702 3740 1745 3796 sit
1757 3740 1843 3804 lides;

139 3826 293 3884 obcelense
305 3828 517 3885 monasterium
528 3846 616 3901 qnam
629 3828 712 3902 plebs
723 3833 752 3885 ct
763 3828 878 3900 cupellas
891 3846 964 3901 pre·
1016 3851 1082 3891 oum
1100 3835 1159 3891 hoio
1184 3834 1242 3891 duo
1257 3849 1432 3890 concurrere
1453 3832 1527 3890 sotis
1552 3829 1680 3903 possint,
1698 3834 1734 3885 ut
1759 3833 1843 3885 teste

141 3917 226 3973 dicte
240 3916 686 3976 videbanturlibertatedonetce.
701 3920 732 3974 ln
743 3919 808 3990 ipso
819 3918 963 3989 siquidem
1017 3927 1244 3999 aquodraginta
1259 3941 1402 3982 sonorum
1418 3929 1549 3995 tempore
1564 3921 1775 3986 recordentur,
1789 3923 1843 3975 eta

140 4005 308 4064 continetur
318 4010 395 4081 quod
409 4011 473 4082 jam
486 4011 583 4066 dictus
595 4010 903 4082 praedcccssornoster
912 4009 964 4064 Ec·
1017 4011 1608 4073 decenniocilraduntaxatmonasterium
1622 4009 1728 4082 ipsum
1741 4008 1772 4065 in
1785 4023 1845 4079 pos·

140 4095 966 4170 clesiadeselsmazanocumcapellisadjacentibusmo·
1017 4105 1147 4163 sessione
1171 4105 1299 4162 viderint
1313 4103 1532 4177 predictorum.
1555 4099 1611 4156 Sed
1626 4098 1684 4155 hoe
1709 4096 1842 4154 frivolum

39 4240 43 4245 .
139 4186 267 4242 nestorio
290 4192 450 4244 memorato
466 4187 615 4243 concessis
629 4186 759 4242 instituit
784 4203 820 4243 ne
836 4188 903 4260 quis
918 4205 965 4244 nr·
1018 4211 1085 4268 poro
1101 4193 1193 4250 altero
1220 4193 1384 4266 reputando
1399 4191 1552 4265 respondit
1576 4189 1668 4261 quod,
1684 4189 1744 4245 etsi
1759 4194 1844 4244 testes

139 4273 347 4348 cbiepisoopus
357 4275 401 4331 vel
409 4275 564 4349 episcopus
574 4274 671 4332 locum
681 4275 778 4348 ipsum
787 4293 839 4332 scu
850 4277 965 4351 plebem
1017 4284 1108 4356 aliqui
1117 4283 1215 4340 verbis
1226 4282 1324 4339 dubiis
1334 4282 1376 4338 sic
1388 4285 1521 4345 utentur,
1533 4276 1634 4351 plures
1645 4283 1749 4335 tamen
1761 4281 1845 4334 team

139 4373 167 4421 et
182 4364 310 4437 capellas
326 4366 479 4437 predictas
490 4367 647 4423 molestare
657 4367 775 4436 audeat,
786 4367 829 4424 vel
845 4368 966 4442 presby·
1018 4378 1089 4430 sunt
1103 4373 1153 4445 qni
1164 4375 1420 4445 spertetestantur
1435 4386 1494 4426 sec
1508 4366 1710 4441 quadraginta
1723 4367 1847 4423 annisct

139 4458 218 4511 2⁰P⁰⁸
233 4455 269 4511 ab
294 4455 399 4512 abbate
413 4457 464 4529 (lui
481 4474 533 4529 Pt'0
548 4460 681 4529 t⁰¹¹¹l³0t0
696 4457 785 4513 fuerit
806 4457 880 4514 inibi
895 4474 964 4514 con·
979 4456 1003 4523 ll
1019 4461 1096 4519 ultra
1111 4461 1323 4519 monasterinm
1339 4457 1576 4516 memoratumin
1587 4458 1734 4514 continua
1745 4454 1847 4529 prudi-

139 4543 524 4603 stitutosexcommunicare
538 4546 582 4602 vel
594 4547 682 4603 etiam
691 4547 896 4618 judicare,sed
908 4548 964 4605 sub
1018 4558 1133 4610 ctornm
1151 4551 1284 4607 omnium
1301 4549 1488 4623 possessione
1507 4547 1628 4604 uidisse.
1644 4546 1759 4603 Contra
1773 4543 1847 4618 quod

140 4631 234 4688 tutela
249 4638 278 4687 et
293 4633 484 4690 immunitate
498 4652 531 4690 ac
545 4635 658 4706 judicio
674 4636 798 4691 Romani
816 4637 965 4708 pontilicis
1018 4658 1087 4714 poro
1102 4645 1153 4696 tuo
1164 4638 1320 4712 proposuit
1334 4634 1713 4710 replicandcquinlicetde
1724 4635 1848 4708 quadra·

140 4719 334 4777 consistentes
350 4722 545 4795 omnipotenti
557 4723 614 4780 Deo
630 4725 887 4781 securedeservirc
898 4742 965 4797 pro·
1018 4735 1100 4804 ginta
1111 4745 1256 4785 annorum
1268 4726 1487 4799 proscriptione
1498 4728 1660 4793 constaret,
1673 4729 1796 4796 ternpus
1806 4727 1848 4778 ta·

140 4811 966 4887 curent.Aliorumquoqueliomanorumpontificum,Ur
1019 4813 1849 4892 men(84)scbismstisquodinLucanallcclesiainterre·

37 4970 41 4975 Ι
139 4898 209 4955 bani
225 4900 346 4971 scilicet,
360 4900 519 4971 Poscbalis,
533 4901 648 4972 Calinti,
661 4903 796 4975 Eugenii,
807 4903 964 4971 Anastasii‚
1020 4910 1320 4981 nissepertcsteseral
1327 4911 1478 4964 ostensum
1486 4902 1727 4960 debebalmcrito
1735 4903 1850 4960 decom·

138 4988 271 5057 Adriani,
287 4989 454 5058 Alexandri,
467 4995 495 5048 et
505 4991 582 5047 Lucii
593 4991 690 5047 dictus
701 4991 793 5047 abbas
804 4992 966 5067 privilegiis
1020 4998 1171 5072 putatione
1183 4996 1320 5053 subduci.
1328 4997 1452 5052 licentra
1460 4990 1642 5067 pariceltera
1653 4991 1851 5064 respondente

141 5081 280 5136 utebatur
294 5084 361 5153 post
375 5081 530 5137 arbitrium
543 5080 762 5153 promulgatum
775 5082 905 5140 obtentis
915 5084 965 5157 qui
1020 5088 1096 5159 quod
1114 5086 1181 5142 licet
1195 5086 1232 5142 de
1254 5085 1418 5141 schismate
1432 5083 1510 5156 quod
1537 5082 1753 5137 intercesserat
1768 5079 1851 5137 luerlt

139 5167 287 5227 libertatis
301 5170 359 5226 sibi
374 5170 525 5243 privilegia
540 5171 699 5226 concedere
714 5162 898 5230 videbantur.
916 5174 967 5231 Sic
1020 5177 1095 5231 locta
1111 5175 1183 5230 fidos
1198 5191 1266 5230 cum
1283 5178 1393 5246 quanto
1409 5179 1540 5245 tempore
1556 5170 1713 5227 duraverit
1730 5169 1851 5225 minino

140 5257 219 5312 enim
237 5257 266 5313 io
283 5258 468 5331 singulorum
491 5256 653 5331 privilegiis
668 5259 744 5315 inter
759 5266 862 5317 caetern
882 5278 965 5336 repe·
1020 5263 1232 5334 sitostcnsum,
1247 5268 1275 5318 et
1287 5262 1416 5336 potuerit
1427 5260 1540 5317 modico
1551 5263 1686 5330 tempora
1697 5257 1852 5314 duravisse

140 5346 244 5402 nitur:
268 5347 412 5404 Sorrroimus
435 5347 521 5404 ctiam
536 5354 568 5402 at
590 5363 640 5404 occ
656 5350 783 5422 episcopo
803 5367 854 5406 nec
872 5352 965 5409 crebr—
1020 5356 1139 5427 propter
1154 5352 1209 5409 hoc
1225 5356 1324 5408 tamen
1341 5347 1570 5423 praescriptionis
1580 5346 1712 5418 objectio
1729 5364 1790 5404 non
1806 5361 1853 5420 po·

179 5558 237 5633 (⁵²3)
252 5564 321 5632 0³12·
338 5563 407 5619 Cum
421 5561 497 5632 olim,
515 5566 554 5619 De
568 5562 729 5636 praescript.
1055 5568 1112 5640 (et)
1127 5565 1201 5623 Vide
1216 5581 1306 5638 supra
1322 5563 1409 5638 epist.
1422 5564 1470 5620 sl.
