3780 6000
83 223 135 279 ste

558 209 759 269 introcurrit
777 208 816 265 tlt
835 208 890 264 PP.
910 207 1145 265 nneustonutt
1166 207 1232 263 tm.
1254 205 1312 261 llll.

1737 196 1794 252 436

84 350 235 423 pluresque
249 350 395 402 currerent
416 342 446 398 in
466 341 581 396 odorent
607 337 755 395 suavitatis
779 335 870 400 iliius,
886 333 909 389 si
923 336 953 401 Α
967 349 1044 403 ergo,
1059 333 1132 391 sicut
1147 335 1177 390 in
1192 349 1292 391 corum
1308 331 1408 388 litteris
1421 328 1619 402 perspeximus
1647 324 1796 382 contineri

86 436 280 497 abundantius
307 440 405 488 tester
433 434 563 501 perflarat
594 429 708 483 hortum
739 430 909 490 aromatum,

88 542 142 584 nec
156 532 263 598 pateret
278 523 359 577 rinea
371 519 486 576 Domini
506 517 631 574 Sabaoth
653 514 766 572 natibus
791 510 910 582 Aquilo·

89 618 146 684 nis,
162 611 315 671 venerabili
332 610 409 666 iralri
431 616 538 675 nostro,
565 607 655 672 ineas,
680 603 909 674 archiepiscopo,

90 713 118 763 el
131 703 243 760 dilectis
266 702 344 767 tiliis,
370 698 505 771 capitulo,
528 695 702 760 Cuseniinis,
725 694 855 747 dedimus
880 690 911 745 in

92 790 331 861 mandatis(396),
345 795 384 852 ut,
405 787 538 858 quoniam
554 785 584 840 in
601 785 662 840 loco
682 781 773 838 Flosis
789 795 847 836 nou
861 794 909 834 so·

90 881 151 938 lum
165 896 213 936 ser
227 886 254 936 el
267 883 448 932 antummum
460 873 602 929 acerbitas
616 872 670 927 sibi
686 870 799 939 frigoris
814 866 911 923 rendi-

90 969 182 1038 cahat,
198 966 248 1024 sed
270 979 384 1020 menses
407 963 491 1018 eliam
522 959 692 1016 moliebatur
715 957 838 1021 estivos,
868 954 911 1010 lo·

90 1072 195 1124 eusque
212 1054 336 1122 Bolrani,
360 1053 394 1106 ad
420 1051 576 1107 Ecclesiam
606 1049 752 1119 pertinens
780 1044 912 1101 Cusenli·

90 1160 168 1211 narn,
185 1141 316 1213 religioni
335 1155 480 1210 congruus
503 1137 662 1202 dicebatur,
687 1153 703 1190 a
726 1133 805 1190 robis
831 1132 913 1202 juxta

90 1232 308 1290 estimationem
325 1230 414 1301 ipsius
433 1225 640 1298 archiepiscopi
665 1231 776 1294 recepto
799 1234 913 1277 escam·

93 1321 139 1378 bio
154 1320 337 1390 competenti,
355 1318 520 1389 pradictum
540 1317 635 1372 locuni
650 1329 715 1370 curn
731 1306 914 1382 pertinentiis

94 1409 561 1480 suisrobissssignarecurarent,
577 1404 659 1459 illum
684 1404 714 1458 in
745 1416 792 1456 vos
816 1399 856 1455 ila
880 1397 913 1451 ll-

95 1499 161 1556 bere
175 1485 364 1562 conferentes,
382 1496 454 1550 sicut
473 1493 653 1551 excambium
678 1493 712 1547 ad
735 1490 813 1561 ipsus
827 1486 915 1542 libere

95 1588 306 1655 transterrelur‚
324 1594 352 1640 ut
368 1587 442 1641 sicul
459 1583 666 1639 monasterium
691 1579 781 1638 Florio
804 1578 838 1633 ad
864 1590 915 1631 nos

25 1686 28 1691 '
96 1675 178 1733 nulio
193 1676 289 1732 medio
315 1674 474 1745 pertinebat
498 1673 540 1728 sic
564 1671 778 1735 monasterium,
795 1665 869 1738 quod
886 1665 915 1719 in

97 1768 216 1823 butrano
230 1773 424 1837 consurgeret,
437 1765 472 1819 ad
489 1780 540 1820 uos
556 1761 635 1818 nullo
648 1760 791 1816 mediante
805 1763 914 1828 specla-

17 1890 22 1899 =
97 1864 148 1919 rel.
164 1857 275 1913 dilectis
290 1857 373 1912 etiam
390 1854 458 1909 liliis
475 1895 481 1906 .
500 1893 505 1906 .
526 1893 532 1906 .
548 1853 645 1908 Sancti
664 1849 796 1921 Spiritus,
812 1853 841 1903 el
857 1889 864 1903 .
882 1888 889 1900 .
907 1885 914 1901 .

96 1949 131 2004 de
151 1944 436 2010 Coralioabbalibus,
465 1949 492 1997 el
521 1942 598 1997 iralri
626 1941 696 2011 Rog.
726 1941 761 1995 de
784 1936 916 1992 Tascian.

98 2039 228 2094 dedimus
251 2033 374 2089 tirmiter
396 2033 426 2087 in
451 2030 604 2099 mandalis,
631 2037 660 2084 ut
685 2045 734 2086 eos
758 2026 845 2082 adid
871 2039 919 2095 per

98 2140 246 2184 censuram
275 2123 520 2189 ecclesiasticam,
555 2119 748 2191 appellatione
787 2123 919 2183 remota,

99 2205 921 2286 compellerenlprocurarent.Cumqueidemarchiepisco·

101 2320 154 2377 pus
169 2302 336 2358 mandatum
352 2309 491 2365 nostrum,
507 2306 646 2371 quantum
663 2299 691 2353 id
714 2313 747 2352 co
777 2295 839 2364 iuit,
866 2291 921 2346 bu·

103 2394 210 2451 militer
238 2393 321 2448 inerit
348 2398 509 2457 exsecutus,
534 2388 667 2445 canonici
693 2403 757 2443 sero
772 2385 835 2456 ejus
851 2397 921 2439 eun·

101 2485 273 2542 tradicerent
301 2482 448 2547 voluntati,
472 2486 651 2536 exsecutores
680 2476 807 2548 predicti
835 2487 921 2529 cano·

102 2577 184 2633 nicos
208 2574 321 2643 ipsosa
347 2570 529 2642 perceptione
554 2567 769 2639 prebendarum
793 2579 922 2629 suarum,

101 2662 265 2720 auctoritate
283 2657 449 2729 apostolica,
472 2658 691 2726 suspenderunt.
718 2654 852 2722 Quamvis
874 2668 923 2707 au·

100 2761 157 2808 lem
171 2750 285 2821 quidam
305 2764 338 2802 ex
354 2746 501 2803 canonicis
516 2746 586 2817 ipsis
602 2753 704 2812 lecum,
721 2744 762 2798 iili
777 2742 875 2810 abbas,
892 2741 922 2796 in

100 2851 196 2897 nostra
211 2837 362 2909 praesentia
378 2835 536 2904 constituti,
565 2835 741 2893 vicinitatem
758 2831 885 2897 Bnlrani,
896 2839 922 2885 et

99 2927 342 2998 compensationis
366 2927 540 2991 distantiam,
565 2933 592 2980 et
619 2922 787 2979 scandalum
817 2921 921 2976 cisium

12 3050 16 3055 ·
99 3019 280 3090 allegassent,
301 3032 353 3072 nos
374 3023 481 3079 tamen,
505 3014 584 3069 robis
610 3013 756 3082 providere
780 3011 920 3074 volatiles,

101 3125 166 3166 cum
181 3105 417 3176 archiepiscopus
432 3103 512 3158 vobis
523 3103 550 3157 in
563 3103 686 3157 iasorein
703 3100 850 3170 religionis
866 3076 964 3153 cer-G

964 423 1130 479 auctoritate
1145 425 1272 479 mandati
1288 425 1390 488 nostri,
1405 426 1433 476 et
1449 420 1544 492 operis
1559 419 1662 488 pietate
1675 430 1792 484 prospe-

963 516 1020 574 cta,
1036 514 1217 569 considerata
1232 527 1345 584 quoque
1363 511 1452 566 multa
1469 508 1591 565 ulilitate
1603 503 1793 577 possessionis

964 600 999 656 dc
1013 600 1087 670 Syia,
1104 618 1191 671 quam
1208 617 1257 656 vos
1270 600 1413 656 obtulistis
1429 599 1536 654 eisdem
1561 599 1596 652 de
1619 607 1737 650 assensu
1763 594 1792 647 ei

964 690 1109 746 voluntate
1136 690 1382 760 communi,quod
1421 686 1620 742 mandarimus
1644 681 1791 738 humiliter

965 784 1163 848 exsequentes,
1181 779 1276 834 locum
1293 777 1409 832 Bolrani
1423 775 1509 831 certis
1529 773 1658 829 terminis
1682 769 1789 826 limita·

966 872 1036 933 tum,
1052 881 1118 922 cum
1133 866 1261 923 eeclesiis
1276 866 1380 922 ibidem
1398 864 1508 935 positis,
1525 863 1604 918 subis
1619 862 1708 917 libere
1724 872 1791 913 con·

966 965 1122 1023 cesserunt,
1139 957 1318 1026 possessione
1332 957 1366 1011 de
1381 953 1448 1023 Syia
1468 953 1552 1009 certis
1567 952 1700 1007 distincta
1716 952 1792 1007 iimi-

967 1043 1043 1100 libus
1057 1045 1178 1102 ecclesia
1192 1046 1289 1102 Sancti
1306 1043 1416 1101 Nicolai
1428 1043 1462 1098 de
1485 1041 1596 1110 Bnluio,
1612 1056 1677 1096 curn
1695 1041 1791 1097 omui·

969 1135 1021 1190 hus
1043 1135 1219 1190 tenlimentis
1242 1136 1311 1200 suis,
1328 1142 1352 1189 et
1370 1133 1490 1188 ecclesia
1513 1130 1609 1186 Sancti
1625 1131 1742 1186 ltartiui
1756 1132 1790 1186 de

966 1224 1047 1293 Jove,
1063 1240 1127 1281 curn
1143 1225 1323 1281 tentimentis
1345 1225 1413 1290 suis,
1440 1223 1562 1294 quodam
1579 1221 1746 1278 molendino
1762 1222 1792 1278 in

968 1316 1054 1371 uario
1077 1315 1312 1386 (tardemposilo,
1336 1322 1361 1370 ot
1393 1314 1560 1379 tenimento,
1584 1314 1657 1382 quod
1687 1312 1791 1371 Canale

970 1415 1094 1474 secatur,
1110 1425 1126 1463 a
1143 1407 1222 1462 uobis
1237 1423 1286 1477 pro
1302 1405 1528 1463 commutatione
1544 1405 1675 1474 receptis.
1694 1404 1725 1460 tir
1738 1403 1790 1474 igi-

971 1503 1016 1552 tur
1031 1497 1104 1566 quod
1120 1498 1154 1551 de
1171 1496 1304 1551 mandato
1321 1500 1419 1550 nostro
1435 1492 1616 1549 laudabiliter
1631 1500 1675 1547 est
1691 1493 1794 1560 imple·

970 1591 1042 1652 tum,
1058 1590 1225 1642 anctoritate
1243 1596 1337 1641 nostra
1352 1584 1439 1641 robur
1455 1583 1570 1655 majoris
1590 1583 1719 1640 obtineat
1746 1582 1794 1637 sn·-

973 1676 1089 1742 milatis,
1113 1680 1365 1730 commutationem
1391 1675 1494 1744 ipsam,
1519 1673 1591 1729 sicul
1617 1673 1645 1727 in
1671 1672 1794 1744 partiunt

971 1768 1145 1823 authenticis
1159 1771 1333 1830 continetur,
1350 1765 1517 1820 anctoritate
1541 1762 1701 1832 apostolica
1724 1778 1795 1819 con-

970 1857 1131 1923 ermanus,
1147 1864 1173 1911 el
1190 1855 1336 1923 presentis
1359 1853 1459 1926 scripti
1484 1853 1641 1923 patrocinio
1662 1867 1794 1909 commu·

971 1947 1078 2002 nimus.
1095 1948 1244 2009 Caeterum,
1260 1960 1295 2000 ne
1311 1945 1346 2000 de
1361 1944 1451 1999 iorma
1465 1942 1696 1999 commutationis
1710 1942 1800 2012 ipsius

974 2039 1003 2094 in
1033 2044 1177 2107 posterum
1202 2034 1358 2102 dubitetur,
1383 2032 1582 2089 authenticum
1607 2049 1625 2087 a
1655 2031 1801 2103 predictis

973 2126 1188 2195 archiepiscopo
1203 2131 1232 2180 et
1246 2123 1370 2195 capitulo
1382 2124 1544 2179 Cusenlinis
1559 2138 1645 2192 super
1655 2122 1717 2191 ipsa
1732 2136 1801 2176 con·

975 2214 1079 2270 iectum
1091 2217 1125 2269 de
1140 2214 1226 2270 verbo
1241 2215 1276 2269 ad
1291 2213 1407 2269 verbum
1429 2212 1496 2269 huic
1520 2211 1732 2269 confirmationi
1748 2227 1800 2267 no·

975 2310 1038 2357 stre
1053 2303 1188 2358 duximus
1199 2301 1447 2369 subscribendum,
1464 2302 1548 2372 cnjus
1564 2308 1643 2356 tenor
1659 2303 1703 2354 cst
1720 2299 1796 2354 talis.

976 2417 990 2443 a
1012 2396 1044 2449 ln
1060 2397 1177 2451 nornine
1195 2395 1292 2466 Putris,
1308 2404 1334 2451 et
1347 2394 1423 2459 Filii,
1434 2403 1460 2451 el
1470 2393 1594 2464 Spiritus
1606 2393 1709 2457 sancti,
1720 2400 1801 2447 eter-

978 2506 992 2533 ἰ
1012 2502 1066 2552 ne,
1081 2485 1288 2555 omnipotentis
1302 2492 1327 2539 et
1338 2484 1491 2539 individua
1511 2482 1669 2538 Trinitatis.
1695 2483 1798 2537 Amen.

976 2595 991 2623 «
1013 2573 1171 2642 Apostoliea
1195 2576 1287 2640 sedes,
1309 2588 1371 2642 aqum
1396 2572 1553 2643 principale
1573 2579 1648 2627 tenet
1672 2571 1701 2625 in
1731 2569 1800 2626 orbe

976 2686 991 2712 a
1011 2663 1183 2734 dominium,
1201 2670 1335 2734 potestate
1350 2662 1404 2716 sibi
1420 2661 1546 2730 tradicio,
1563 2659 1677 2716 salubre
1687 2675 1802 2729 semper

977 2774 991 2801 o
1013 2750 1132 2808 subditis
1147 2755 1193 2806 dat
1209 2752 1387 2816 mandalum,
1404 2752 1450 2806 cui
1472 2750 1581 2820 nuilus,
1608 2749 1654 2820 qui
1684 2749 1801 2819 justitias

977 2864 992 2891 α
1012 2842 1128 2898 semitas
1140 2841 1270 2911 proponit
1287 2841 1429 2906 incedere,
1446 2839 1584 2910 pertinaci
1600 2839 1686 2893 debet
1700 2839 1799 2893 animo

978 2953 992 2981 a
1012 2930 1162 2985 contraire.
1180 2929 1300 2986 Paterna
1315 2930 1456 3000 siquidem
1472 2931 1574 3000 pietas,
1590 2945 1651 3000 quae
1672 2928 1800 2983 diversos

981 3040 991 3066 a
1015 3017 1137 3073 liliorum
1152 3019 1267 3073 ordines
1283 3016 1478 3073 indifferenter
1489 3020 1517 3073 in
1535 3033 1586 3072 suo
1601 3015 1801 3085 gremiocolli·

981 3129 994 3156 a
1015 3107 1065 3176 git,
1082 3108 1192 3161 cunctis
1207 3109 1285 3160 omni
1308 3113 1489 3176 temperasse
1506 3108 1643 3175 providet,
1663 3114 1703 3172 ut,
1721 3104 1802 3161 bonis

102 3207 157 3254 lani
175 3200 279 3268 partem
296 3194 508 3267 possessionum
525 3206 641 3247 suarum
662 3194 793 3245 conterre
818 3189 853 3244 de
878 3203 926 3245 ett-
982 3215 996 3244 n
1017 3194 1220 3264 temporalibus
1235 3196 1417 3250 convenienti
1436 3201 1509 3250 statu
1534 3195 1689 3265 dispositis,
1719 3194 1803 3249 dunis

102 3287 208 3342 nonica
225 3283 413 3355 permissione
430 3281 545 3349 valeret,
559 3278 714 3335 venerabili
727 3278 806 3334 tratri
832 3283 928 3333 nostro
984 3304 996 3335 s
1018 3285 1160 3355 perpetuis·
1176 3285 1275 3339 lideles
1292 3300 1339 3353 per
1354 3301 1386 3340 ea
1401 3285 1542 3355 gaudeant
1556 3284 1712 3354 acquisitis.
1728 3283 1803 3339 Hinc

186 3372 397 3430 Marluranensi
425 3371 577 3440 episcopo,
605 3376 631 3424 et
661 3368 796 3439 praedicto
813 3409 820 3422 .
838 3409 844 3421 .
864 3409 871 3421 .
893 3369 928 3422 de
985 3373 1308 3443 sest,quoddominus
1331 3391 1411 3444 papa,
1438 3374 1571 3445 precibus
1596 3373 1802 3430 venerabiiium

105 3465 242 3528 corratio,
268 3468 316 3518 ct.
335 3503 341 3515 .
360 3502 367 3515 .
384 3461 419 3515 dc
447 3460 581 3515 Formosa
597 3456 757 3523 abbatibus,
774 3462 823 3512 el.
844 3494 850 3508 .
867 3455 928 3511 lhe-

109 3552 236 3611 saurario
252 3552 470 3616 Marturanensi,
496 3547 693 3603 mandarimus
717 3547 803 3618 (397),
830 3554 858 3602 ut
883 3547 928 3600 in·

108 3643 252 3715 quirerenl
268 3656 353 3711 super
370 3639 413 3694 his
427 3638 549 3693 sollicite
564 3640 721 3698 veritatem,
741 3644 779 3705 el,
798 3637 824 3691 si
848 3650 929 3691 com-

108 3738 208 3801 petens
222 3739 295 3784 esset
309 3726 488 3784 excambium
505 3727 580 3797 quod
603 3725 837 3795 archiepiscopus
853 3721 926 3777 idem

109 3825 262 3888 receperat.
277 3817 317 3872 rei
343 3823 510 3886 competens
533 3813 691 3879 offerretur,
717 3816 779 3883 ipsu
804 3817 929 3878 recepto,

107 3909 359 3966 commutationem
388 3903 551 3974 hujusmodi
578 3903 701 3959 iacerent
727 3901 930 3957 inviolabililer

108 3998 270 4058 observari:
287 3997 424 4067 alioquin,
441 4010 506 4051 cum
520 3995 597 4063 J'uxlu
621 3994 748 4050 mandati
771 3996 860 4050 nostri
886 4006 927 4054 te·

108 4105 218 4152 norem,
232 4089 338 4157 absque
351 4087 612 4155 recompensatione
638 4100 764 4146 congrua
793 4086 853 4142 iteri
880 4088 930 4144 mi-

6 4178 8 4183 ’
107 4181 185 4236 nime
199 4178 354 4243 debuisset,
366 4191 428 4232 eam
442 4176 469 4230 in
480 4175 591 4230 irritum
602 4182 777 4245 revocarent,
791 4177 829 4231 ita
840 4179 929 4250 quod,

107 4268 131 4323 si
146 4283 202 4324 uon
226 4282 326 4322 omnes
352 4265 395 4320 bis
418 4263 609 4335 exsequendis
629 4262 765 4321 interesse
790 4265 926 4330 valerent,

108 4365 163 4413 tres
178 4372 276 4413 eorum
293 4371 324 4409 en
338 4354 529 4410 nihilominus
544 4352 745 4423 adimplerent.
775 4355 848 4411 ticet
865 4371 929 4412 sero

983 3483 997 3511 n
1016 3462 1126 3517 abbatis
1141 3470 1168 3517 et
1184 3463 1302 3518 lrarrum
1317 3464 1353 3518 de
1375 3462 1453 3518 Floro
1479 3468 1623 3533 pulsatus,
1646 3462 1738 3527 nobis,
1761 3479 1805 3517 ar·

983 3572 997 3600 a
1017 3551 1200 3621 chlepiscopo
1216 3560 1242 3606 el
1258 3552 1381 3620 capitulo
1399 3552 1571 3618 cusentinis,
1585 3552 1750 3623 hujusmodi
1761 3552 1807 3607 lit-

984 3661 998 3689 «
1018 3645 1094 3695 teras
1108 3641 1269 3710 destinavit,
1285 3640 1357 3711 (399(
1368 3642 1565 3709 innocentius,
1575 3645 1737 3713 episcopus,
1750 3658 1808 3696 ser·

984 3750 998 3778 a
1016 3743 1066 3783 sus
1093 3744 1237 3785 servorum
1270 3729 1329 3796 uei,
1355 3729 1512 3786 venerabili
1538 3729 1614 3786 iratri
1632 3771 1638 3784 .
1658 3771 1665 3785 .
1682 3771 1690 3787 .
1709 3731 1806 3788 arehi-

983 3840 998 3866 «
1019 3818 1166 3888 episcopo,
1182 3822 1211 3872 ct
1226 3819 1338 3874 dilectis
1351 3818 1427 3885 ultis,
1439 3820 1563 3888 capitulo
1578 3818 1752 3889 cusentinis,
1765 3837 1808 3876 sa·

984 3928 998 3955 a
1021 3907 1106 3962 lutern
1122 3914 1149 3961 el
1162 3908 1345 3977 apostolicam
1368 3906 1604 3964 benedictionem.
1622 3911 1692 3964 Curu
1707 3910 1737 3965 iu
1754 3910 1806 3964 hs-

984 4018 998 4045 «
1020 3995 1078 4051 hilu
1095 3995 1231 4067 regulari,
1245 3996 1299 4052 sub
1316 3997 1460 4066 religionis
1476 3999 1639 4054 nionasticre
1653 3998 1807 4069 disciplina

986 4107 997 4132 ι
1014 4090 1055 4150 tu,
1074 4085 1159 4140 irater
1174 4087 1401 4156 archiepiscope,
1413 4096 1569 4156 portaveris
1576 4087 1679 4158 jugum
1692 4086 1810 4145 Domini

984 4195 998 4224 a
1018 4173 1054 4230 ab
1067 4172 1239 4230 adoleseutia
1258 4184 1314 4240 tua,
1327 4179 1355 4229 et
1370 4174 1410 4230 sic
1426 4175 1512 4230 tueris
1534 4176 1626 4231 libelis
1651 4177 1680 4231 in
1707 4193 1807 4247 patrea,

985 4285 999 4315 a
1019 4265 1091 4334 quod
1106 4265 1239 4320 constitui
1257 4264 1395 4319 merueris
1411 4279 1497 4333 supra
1513 4264 1612 4330 multa,
1624 4272 1653 4320 ut
1669 4266 1698 4320 in
1714 4268 1806 4324 tuturo

984 4375 998 4404 a
1019 4369 1102 4422 supra
1114 4354 1238 4423 piurima
1253 4357 1394 4419 statuaris,
1404 4354 1517 4410 illorum
1531 4355 1617 4411 debes
1634 4358 1809 4412 necessitati·

107 4462 181 4502 uirus
207 4451 402 4501 exsecutorum
427 4443 554 4512 ipsorum
580 4444 652 4498 riam
681 4443 762 4499 luerit
790 4445 928 4501 univorsa
944 4439 969 4500 D
986 4465 1000 4493 o
1021 4444 1072 4499 hus
1083 4445 1244 4515 specialiter
1259 4442 1420 4507 subvenire,
1436 4445 1496 4518 qui,
1512 4447 1643 4502 sedentes
1657 4463 1740 4503 secus
1756 4464 1808 4520 pe·

107 4539 203 4591 earnis
226 4536 370 4599 ingressus
385 4540 410 4588 et
426 4533 526 4587 tertius
548 4532 724 4598 dissentiret,
747 4533 804 4588 duo
830 4540 926 4591 tamen

108 4626 401 4694 recompensationem
416 4638 570 4689 congruam
583 4624 759 4691 iudicarunt.
775 4623 845 4688 eria
861 4640 926 4694 ergo

107 4720 181 4769 tenet
198 4711 337 4767 sententia
354 4711 489 4781 plurium,
507 4711 663 4766 secundum
685 4713 839 4768 canonicas
860 4729 926 4768 san·

107 4802 228 4866 ctioues,
247 4800 312 4856 licet
333 4800 522 4870 potuissemus
546 4799 582 4855 dc
600 4800 674 4868 jure,
700 4800 773 4870 quod
799 4801 927 4872 predicti

107 4890 362 4945 duodissenlienle
383 4887 476 4954 lertio,
500 4887 734 4957 approbaverunt,
759 4887 927 4957 approbare,

107 4994 140 5035 ac
155 4978 185 5034 iu
200 4978 355 5032 canonicos
370 4976 595 5030 animadvertere
621 4975 745 5044 gravius,
761 4978 824 5047 quia
841 4977 927 5034 latam

107 5067 138 5124 iu
151 5083 182 5123 se
198 5084 215 5121 a
229 5066 328 5137 primis
341 5064 555 5120 exsecutoribus
570 5065 740 5121 sententiam
763 5081 818 5121 nnn
832 5082 926 5122 servs·

107 5156 214 5211 rantis
232 5155 304 5210 hono
320 5160 415 5209 tamen
435 5153 543 5207 riiainm
571 5153 684 5230 sincere
702 5153 860 5225 cupientes,
887 5155 928 5211 eis

107 5244 298 5316 precipiendo
323 5240 520 5297 mandarimus
543 5242 629 5312 (398),
656 5247 687 5297 ut
710 5245 927 5302 commutationi

61 5329 68 5337 '
106 5333 198 5390 eidem
223 5333 285 5388 sine
309 5331 476 5387 dillieultate
500 5329 626 5401 qualibet
648 5334 853 5390 consentirent.
871 5333 928 5404 Ipsi

143 5511 207 5582 (396
235 5511 294 5568 tib.
310 5526 350 5577 vr,
366 5510 447 5580 epist.
466 5509 525 5566 137.

144 5583 206 5656 (397
235 5583 293 5641 tib.
308 5597 349 5653 vr,
365 5582 448 5656 epist.
463 5581 526 5637 220·

984 4553 998 4582 a
1019 4533 1068 4586 das
1083 4531 1195 4587 Domini
1211 4548 1276 4587 eum
1294 4533 1391 4600 Maria,
1403 4533 1432 4588 in
1451 4535 1510 4598 leae
1525 4534 1616 4604 ipsius
1628 4536 1734 4607 jugiter
1747 4552 1809 4591 me·

983 4641 996 4669 o
1017 4620 1155 4684 ditantur,
1172 4629 1279 4690 partem
1297 4622 1433 4691 optimam
1449 4624 1596 4691 eligentes.
1615 4624 1696 4690 Sane,
1714 4626 1803 4692 signi·

984 4730 998 4759 «
1017 4709 1169 4766 licantibus
1192 4712 1305 4768 dilectis
1330 4712 1395 4767 tiliis
1412 4754 1418 4766 .
1437 4754 1444 4766 .
1462 4754 1468 4766 .
1485 4713 1589 4768 abbate
1613 4729 1646 4771 ac
1672 4715 1808 4772 iratribus

983 4820 997 4848 o
1020 4799 1182 4854 monasterii
1198 4800 1233 4855 de
1248 4800 1339 4869 Flore,
1357 4817 1408 4857 nos
1420 4802 1555 4857 noveritis
1565 4803 1719 4873 accepisse,
1732 4806 1805 4873 quod

983 4911 998 4938 o
1019 4889 1223 4943 moriasterium
1238 4890 1342 4959 ipsunt,
1360 4891 1481 4960 positum
1498 4892 1526 4945 in
1545 4894 1699 4958 montanis,
1717 4908 1808 4963 usque

983 5002 996 5028 «
1018 4980 1088 5034 adeo
1103 4985 1143 5033 est
1158 4979 1252 5034 ventis
1266 4981 1437 5048 expositum,
1460 4989 1499 5047 ut,
1526 4998 1584 5052 pras
1610 4981 1765 5038 acerbitate
1779 4990 1810 5041 el

984 5090 997 5116 a
1019 5068 1183 5122 assiduitate
1198 5068 1319 5137 frigoris,
1331 5069 1422 5125 hiems
1432 5085 1488 5125 non
1499 5072 1592 5125 solum
1602 5070 1656 5126 sibi
1673 5088 1721 5126 ver
1735 5088 1807 5129 ven·

983 5179 997 5206 a
1019 5156 1151 5211 ‹licaverrl
1168 5167 1194 5211 et
1210 5164 1412 5222 auitummum,
1430 5159 1478 5212 sed
1503 5161 1532 5213 in
1559 5174 1670 5216 menses
1694 5163 1807 5220 oestirns

983 5268 995 5295 a
1019 5262 1084 5301 suos
1100 5246 1237 5301 terminos
1252 5244 1384 5324 dilatarit.
1402 5246 1478 5301 Patet
1495 5248 1580 5304 eliam
1598 5247 1750 5318 locusipsc
1761 5251 1806 5308 iu·

983 5356 998 5384 «
1018 5332 1149 5389 cursibus
1160 5334 1363 5402 malignorumr
1373 5351 1421 5405 par
1434 5334 1487 5391 hoc
1501 5352 1558 5391 non
1571 5338 1809 5410 modicumquietl

1018 5511 1082 5582 (398
1110 5510 1171 5568 Lib.
1188 5527 1228 5579 vt,
1243 5510 1328 5582 spisl.
1347 5513 1393 5569 81.

1017 5582 1082 5654 (399
1107 5581 1179 5643 Vide
1192 5583 1276 5657 epist
1292 5582 1359 5641 libri
1371 5586 1446 5645 sexti
1460 5585 1523 5644 157.
