3780 6000
94 222 152 278 eie
597 225 856 283 PONTIFICA'I'US
875 225 976 281 ANNO
993 228 1042 291 lx,
1062 227 1204 286 CHRISTI
1225 228 1306 287 1206.
1753 234 1807 293 91¹4

96 350 262 406 itomanam
278 349 449 420 Ecclesiam,
461 356 581 407 matrem
593 355 687 420 tuam,
699 351 728 406 in
740 367 857 425 gravem
868 352 924 408 dii·
941 358 966 419 Α
983 351 1101 408 illorum
1117 356 1153 409 ad
1171 359 1255 412 tuum
1272 357 1434 414 reseremus
1449 357 1603 427 bonorem,
1619 361 1758 432 quoniam
1774 363 1806 420 in

96 437 260 495 ticultetem
275 438 437 507 induxeris,
453 440 490 496 de
505 456 563 512 que
580 457 631 513 per
645 445 673 496 te
687 458 744 498 nou
757 444 856 514 posset
871 439 925 497 ali·
979 440 1186 500 ecclesiasticis
1202 445 1291 502 rebus
1306 451 1334 503 et
1349 446 1444 503 honor
1452 448 1545 517 oneri,
1567 453 1596 504 et
1615 464 1691 505 onus
1701 455 1746 507 est
1756 452 1805 507 ad·

95 541 245 602 quatenus
262 527 392 598 liberari,
417 529 485 600 quie
499 537 596 586 tamen
614 529 664 586 ilie
676 535 721 586 cst
746 530 883 586 iundetor
898 533 926 588 et
978 547 1085 588 nexum
1098 531 1213 591 honori.
1228 534 1303 599 Quia
1313 552 1380 593 vara
1391 537 1466 594 inter
1478 537 1649 609 hujusmodi
1659 546 1805 597 monasta-

95 618 324 675 iundementum
348 616 445 690 ipsius
469 617 520 691 qui
536 619 662 690 imperet
684 619 780 677 ventis
795 624 824 675 ei
840 618 925 691 meri,
978 619 1021 677 rie
1036 621 1370 698 duomaximeindigent
1382 626 1478 683 oiiioio
1489 627 1658 700 provisoris,
1669 627 1804 687 videlicet

95 707 169 763 dum
186 707 250 780 ipse
264 707 305 763 sit
320 707 407 762 nobis
422 707 551 779 adjutor,
568 725 625 764 non
643 708 782 764 timemus
797 707 868 780 quid
884 707 924 764 ia·
977 710 1091 768 Sanctae
1114 713 1211 769 Mariae
1228 713 1431 786 forisportam
1456 716 1640 788 l’apienssm,
1657 718 1735 789 quod
1759 721 1805 775 est

94 796 156 854 ciet
171 796 257 853 nobis
273 796 371 852 bomo.

134 887 239 943 [letum
257 883 413 955 Ferentini,
430 901 481 941 viu
497 885 559 944 ital.
574 885 658 957 Julii,
675 902 751 942 anno
767 902 807 941 ιο.

453 983 563 1041 xcvii.

91 1091 220 1132 sensero
246 1088 408 1130 raneosrro
424 1091 453 1130 1n
473 1089 725 1130 necurerrscoeuu
750 1089 922 1130 ansuesce-

341 1179 453 1219 oensaei
469 1179 574 1218 eaecro
589 1163 676 1235 (370).

168 1252 245 1323 Quod
258 1255 388 1309 nuntium
407 1252 596 1325 apostolicum
612 1252 730 1324 benigne
742 1259 850 1308 tractet.
975 1252 1077 1303 nestra
1089 1249 1220 1321 corrigas
1235 1255 1265 1306 et
1279 1250 1429 1320 emendes,
1446 1250 1585 1307 instituas
1601 1255 1629 1306 et
1643 1251 1799 1322 destituas,

309 1341 479 1415 (Ferentini,
490 1358 519 1397 rx
531 1340 595 1397 Kal.
612 1344 627 1396 J
632 1340 707 1414 ulii.)
974 1339 1087 1394 statues
1101 1344 1130 1394 et
1142 1338 1293 1411 decernas,
1305 1339 1452 1411 quaeipsis
1463 1339 1651 1396 monasteriis
1662 1339 1800 1413 spiritua·

129 1429 303 1503 Tempestas
319 1429 444 1502 imperii,
462 1445 526 1499 quae
541 1432 568 1484 te
584 1428 703 1501 impulit
717 1429 752 1484 ed
768 1428 797 1483 id
813 1427 921 1500 impro-
973 1425 1040 1482 liter
1054 1431 1082 1483 et
1096 1428 1301 1501 temporaliter
1315 1429 1431 1485 noveris
1443 1429 1590 1502 expedire.
1605 1433 1644 1485 Ut
1657 1434 1757 1487 eutem
1768 1434 1799 1487 et
1864 1434 1870 1441 '

91 1522 158 1579 vide
184 1521 363 1588 iaciendum,
381 1520 458 1593 quod
482 1519 694 1593 promotionem
712 1524 791 1575 tuem
817 1519 921 1576 morito
973 1531 1048 1572 onus
1064 1515 1195 1586 honoris,
1208 1517 1797 1590 etbonorcnerisperteadtuoetranseet

92 1612 192 1683 potnit
208 1609 359 1683 impedire,
375 1610 606 1666 necessariores
621 1610 807 1676 retardatus
823 1608 920 1666 adbuc
973 1621 1169 1677 successores,
1193 1607 1384 1680 praesentium
1399 1607 1572 1665 auctoritate
1594 1609 1794 1679 concedimus,
1853 1684 1856 1689 Ι

92 1701 129 1757 ad
147 1701 191 1756 tui
211 1700 462 1756 confirmationem
484 1698 593 1773 negotii
611 1699 813 1771 procedamus.
840 1698 920 1757 Licet
934 1714 958 1779 B
972 1698 1120 1766 quatenus
1135 1697 1177 1751 tui
1204 1696 1291 1752 etiem
1307 1712 1494 1753 successores
1509 1695 1539 1752 in
1556 1696 1610 1753 boc
1623 1697 1677 1752 tibi
1694 1712 1795 1753 succe-

92 1794 192 1847 entcm
209 1789 366 1846 adversum
382 1793 410 1845 te
425 1787 567 1844 fuerimus
583 1788 698 1859 dejure
713 1788 863 1856 commoti,
876 1788 919 1844 di·
973 1783 1045 1840 deut
1059 1788 1119 1841 tam
1134 1801 1222 1843 onera
1237 1802 1326 1859 qnam
1342 1785 1462 1855 bonore,
1475 1786 1636 1843 dummodo
1653 1785 1731 1842 circa
1745 1787 1797 1842 ds·

93 1878 189 1935 lectus
206 1883 303 1934 tamen
319 1877 411 1949 filius,
438 1877 579 1950 magister
591 1881 624 1933 G.
640 1877 764 1933 nuntius
779 1881 859 1946 tuus,
874 1878 920 1933 vir
971 1874 1115 1931 notionem
1125 1874 1390 1947 apostolicaesedis,
1402 1880 1430 1933 et
1440 1875 1636 1948 provisionem
1646 1878 1797 1932 monasio·

93 1966 199 2041 ntique
217 1966 357 2040 providus
372 1972 401 2022 et
415 1966 526 2036 fidelis,
541 1967 769 2022 commotionem
786 1970 917 2023 nostram
970 1963 1081 2020 riorum
1098 1963 1229 2036 ipsorum
1245 1963 1319 2021 teies
1333 1981 1365 2020 se
1382 1964 1681 2032 studeantoxhibere,
1692 1980 1729 2021 ne
1740 1963 1799 2037 pri·

93 2073 153 2114 non
169 2056 281 2113 destitit
296 2056 443 2129 mitigare,
458 2057 520 2124 ite,
537 2056 635 2128 quod,
652 2055 794 2128 temporis
810 2072 917 2130 oppor-
968 2051 1108 2125 vilegium
1125 2055 1444 2121 mercenturamittcre,
1456 2054 1481 2110 si
1491 2071 1631 2112 concessa
1644 2054 1700 2111 sibi
1711 2053 1797 2111 ebusi

92 2147 221 2205 tunitate
236 2150 362 2219 reperta,
378 2146 474 2219 ipsum
488 2148 697 2219 proposuimus
712 2162 919 2205 consummare
969 2141 1078 2200 iuednt
1087 2148 1241 2216 potestate.
1252 2144 1329 2200 Nulli
1338 2161 1441 2219 ergo...
1453 2144 1529 2202 hano
1540 2144 1677 2218 paginam
1687 2151 1795 2202 nostras
1826 2190 1829 2194 .

91 2237 257 2310 negotium,
275 2236 435 2293 dnmmodo
452 2240 479 2293 te
491 2236 587 2306 nobis,
598 2240 740 2310 tanquam
751 2238 918 2295 membrum
969 2229 1179 2301 concessionis,
1194 2235 1249 2288 ete.
1266 2231 1296 2288 Si
1315 2232 1380 2306 quis
1396 2235 1508 2301 eutem,
1524 2236 1579 2289 ete.

90 2326 195 2400 capiti,
212 2328 332 2384 studeas
356 2325 540 2383 confirmare.
557 2326 718 2396 Quocirca,
735 2326 917 2384 devotionem
1006 2321 1110 2378 uatum
1123 2321 1281 2390 Ferentini,
1296 2338 1349 2378 xus
1363 2320 1600 2394 Kalendesiulii,
1617 2337 1693 2378 anno
1705 2337 1794 2380 nono.

91 2423 177 2476 tuam
203 2432 356 2473 monemus
378 2415 540 2485 attentius,
557 2422 585 2473 et
609 2433 660 2488 per
682 2416 842 2488 apostolica
862 2416 916 2474 tibi
1334 2437 1431 2494 mg

87 2508 204 2580 scripta
219 2506 410 2574 mandemus,
422 2505 715 2578 quatenuscumdem
728 2506 915 2580 magistrum,
1127 2568 1194 2583 ‚‚‚‚
1219 2543 1366 2584 mmm,
1386 2542 1522 2585 „mcopo
1546 2528 1631 2599 (372),

91 2613 179 2671 quern
193 2612 256 2664 nos,
270 2611 330 2650 sue
340 2593 492 2667 probitatis
501 2594 622 2663 intuitu,
634 2595 750 2652 sincera
763 2593 916 2668 diligimus
968 2615 1122 2688 peponem,
1135 2616 1172 2671 ag
1186 2615 1311 2671 eumdem
1328 2620 1428 2671 ,patum
1443 2615 1609 2686 ammi
1621 2616 1687 2683 jura
1704 2615 1794 2674 pecie.

89 2687 123 2744 in
139 2685 266 2743 Domino
281 2683 439 2753 charitate,
456 2684 581 2757 benigne
596 2683 732 2757 recipias,
747 2689 776 2740 et
793 2683 916 2743 honeste
1144 2687 1196 2745 siae
1210 2702 1289 2759 quem
1311 2686 1410 2742 babuit
1423 2686 1614 2758 praedccessor.

89 2778 265 2848 pertractes,
292 2788 430 2844 cumque,
445 2787 511 2827 eum
531 2772 690 2828 necessitas
715 2771 913 2846 postulaverit,
1180 2774 1383 2846 (Ferentinis
1403 2774 1469 2832 Kal.
1483 2773 1580 2848 Julii.)

87 2866 172 2920 tento
196 2861 327 2919 securius
343 2862 377 2918 ed
403 2861 588 2933 presentiam
612 2865 744 2917 nostram
771 2862 914 2934 remittas,
1003 2863 1148 2930 Quoniam
1174 2869 1292 2938 propter
1303 2862 1423 2938 longam
1445 2863 1608 2922 absentiam
1625 2864 1707 2920 bonas
1731 2880 1794 2922 ms·

88 2959 202 3026 quanto
218 2951 357 3024 majorem
375 2951 500 3024 gretiam
516 2951 546 3006 in
563 2950 656 3008 oculis
668 2951 777 3009 nostris
792 2952 913 3009 invenit.
969 2952 1067 3009 moriae
1082 2953 1208 3011 Conredi
1223 2951 1415 3022 ,sabinensis
1433 2953 1580 3026 episcopi,
1597 2970 1649 3026 pro
1665 2968 1699 3010 eo
1714 2955 1793 3026 quod

977 892 1021 945 est
1037 890 1259 963 monacharum,
1275 908 1329 949 nos
1345 892 1406 961 iila,
1423 909 1491 950 eum
1508 893 1640 966 cepeiiis,
1653 894 1803 967 parochiis

976 979 1481 1052 eipertinentiiesuis,decommuni
1497 983 1622 1040 fratrum
1632 989 1801 1043 nostmrum

975 1068 1801 1145 consitio,oisp0sttionitue,tamtuspirituaiieosquan

976 1158 1200 1232 temperalibus,
1210 1161 1351 1216 duximus
1366 1162 1589 1229 committenda,
1602 1166 1636 1218 ut
1646 1162 1677 1217 in
1688 1163 1729 1218 eis
1738 1162 1801 1220 vics

87 3048 156 3116 lpse
172 3042 281 3115 quippe
305 3041 358 3097 tibi
375 3040 490 3113 plenius
505 3040 655 3097 intimabit
670 3057 733 3114 que
747 3059 764 3099 a
778 3042 864 3099 nobis
879 3059 912 3099 ac
927 3069 949 3139 c
968 3058 1069 3098 curam
1085 3041 1262 3116 pastoralem
1277 3042 1371 3114 gessit
1385 3043 1416 3098 iu
1431 3041 1560 3098 Ecclesia
1572 3041 1792 3115 Meguntina,at

85 3133 166 3206 cepit
180 3130 323 3188 secretius
337 3131 514 3186 intimanda.
968 3134 1085 3203 propter
1100 3147 1202 3191 eorum
1218 3131 1374 3199 incuriam,
1386 3131 1494 3204 quibus
1510 3130 1696 3204 episcopatos
1707 3131 1791 3189 sabi-

123 3222 231 3278 Datum
247 3219 404 3289 Ferentini,
422 3237 449 3275 ur
462 3219 608 3278 Kalendas
622 3221 705 3290 iulii,
725 3238 802 3278 anno
818 3237 908 3278 nono.
963 3219 1064 3276 nensis
1088 3218 1212 3275 diversis
1235 3220 1417 3292 temporibus
1443 3219 1499 3275 iuii
1521 3235 1594 3277 cura
1617 3219 1788 3290 commissa,

976 799 1162 868 monialium,
1176 806 1205 858 et
1219 803 1318 860 Sancti
1334 802 1539 861 bartholomei
1554 804 1585 860 in
1601 805 1707 874 Strata,
1724 807 1803 878 qnod
1884 856 1887 861 .

437 3317 564 3376 XCVIII.

284 3425 311 3464 e.
328 3425 461 3465 sarrensi
474 3424 608 3465 nrrscoeo
623 3409 698 3482 (371)

86 3497 281 3555 Cornmiititsr
296 3497 470 3566 dispositioni
497 3515 553 3553 suae
574 3497 774 3555 mortariolum
802 3475 913 3556 Sanctae

266 3570 366 3627 Μανία»
379 3578 404 3625 et
416 3569 509 3625 Sancti
523 3569 732 3628 Enitbotcmaei.

284 3659 454 3729 (Ferentini,
478 3676 530 3714 1111
546 3657 606 3714 Kal.
622 3658 715 3722 tulii.)

119 3747 288 3822 Apostolica
304 3748 399 3815 sedes,
416 3764 491 3820 que,
508 3748 682 3821 disponente
694 3749 826 3820 Domino,
842 3764 912 3805 cun·

963 3310 1093 3381 eiusdem
1102 3311 1289 3383 episcopatus
1300 3315 1370 3366 sunt
1376 3310 1596 3383 jureneglecte,
1608 3311 1720 3369 anobis
1732 3311 1788 3369 bu·

964 3399 1073 3455 militer
1086 3398 1254 3472 postulasti,
1267 3404 1299 3455 ut
1309 3400 1460 3474 superbos
1472 3399 1523 3456 tibi
1535 3401 1725 3474 dignaremur
1734 3419 1787 3477 ps·

962 3491 1046 3544 terna
1061 3488 1258 3545 sollicitudine
1271 3490 1433 3562 providere.
1449 3489 1508 3548 Nos
1522 3506 1602 3563 ergo,
1615 3489 1675 3547 tuis
1689 3491 1786 3564 preci·

962 3577 1019 3634 bus
1034 3583 1282 3651 conuenientem
1298 3595 1332 3636 ax
1349 3579 1681 3653 providentiapestorali
1695 3596 1785 3654 quam

962 3682 998 3722 ex
1009 3667 1105 3739 grstia
1119 3665 1249 3739 speciali,
1265 3668 1302 3724 de
1317 3666 1440 3725 consilio
1457 3667 1580 3724 iretrnm
1605 3672 1785 3738 nostrorum,

962 3754 993 3811 in
1007 3770 1042 3812 ec
1055 3760 1084 3812 ts
1094 3761 1185 3824 statu,
1202 3757 1298 3829 quoad
1310 3756 1492 3814 defendenda
1501 3757 1597 3830 ipsius
1607 3758 1787 3831 episcopatui

83 3843 200 3896 ciorum
225 3835 355 3892 fidelium
371 3840 465 3893 meter
480 3841 525 3892 est
539 3842 568 3893 et
582 3838 733 3919 magistre,
760 3839 912 3894 consuevit
958 3845 1028 3917 jura
1043 3845 1225 3917 reponimus,
1241 3862 1326 3919 quem
1342 3846 1459 3918 habuit,
1484 3849 1603 3921 quando
1617 3847 1695 3905 idem
1709 3849 1786 3906 Con-

84 3943 171 4000 equo
187 3925 360 3982 liberamine
375 3925 538 3998 ponderare
551 3925 861 3999 meritasiugulorum,
878 3932 911 3984 ut

83 4014 361 4087 valcatunicuique,
373 4015 646 4088 proutcxigitretio‚
654 4017 840 4088 respondere.
851 4017 910 4074 Nos

83 4122 166 4179 crgo,
182 4104 243 4177 qui,
259 4103 326 4160 licet
341 4104 492 4170 immeriti,
509 4104 577 4160 buic
589 4110 695 4161 sancte
709 4105 770 4162 sedi
782 4122 911 4179 superne

83 4194 183 4270 gratie
207 4193 412 4266 presidemus,
437 4193 525 4249 fldem
549 4198 579 4249 et
601 4193 793 4266 devotionem,
818 4212 909 4269 quem

83 4284 460 4358 praedecessorumtuorum
470 4282 765 4356 iuberensvestigiis,
779 4300 910 4358 ergonos

83 4379 114 4431 ct
128 4377 290 4430 Romanam
307 4370 466 4427 Ecclesiam
484 4369 591 4428 babere
606 4372 797 4444 dignosceris,
813 4378 909 4431 atten-

84 4465 199 4531 dentes,
214 4466 243 4517 et
256 4460 407 4517 intuentes
418 4459 611 4517 nibilominus
624 4461 866 4519 deformationem
882 4467 911 4519 et

85 4550 408 4626 lapsumquorumdem
417 4550 728 4606 monasteriorumtam
736 4551 907 4609 monialium

87 4657 178 4715 quam
195 4639 281 4696 eiiam
299 4638 522 4704 monachorum,
534 4639 563 4694 in
576 4639 709 4712 Pupiensi
721 4640 908 4699 existentium

83 4730 215 4800 civitate,
233 4745 296 4801 qun
313 4728 346 4784 ed
365 4727 528 4784 Romanam
544 4728 704 4785 Ecclesiam
722 4730 803 4789 nullo
819 4731 908 4803 perti·

83 4823 158 4877 nent
172 4819 330 4883 mediante,
346 4819 406 4872 tem
421 4816 474 4871 tibi
490 4832 578 4888 quern
594 4817 664 4884 iilis,
680 4818 796 4875 diverso
809 4826 908 4877 tamen

84 4912 232 4980 respectu,
246 4905 450 4979 disposuimus
466 4906 626 4977 providere,
643 4907 820 4965 utvidelicet
835 4926 909 4966 onus

122 5060 198 5138 (370)
214 5059 283 5116 Vide
296 5057 450 5130 epistolem
473 5057 598 5129 hujusce
613 5059 680 5115 libri
696 5059 766 5116 noni
787 5061 832 5129 62,
848 5065 909 5119 not.

122 5133 198 5202 (371)
210 5131 282 5186 Vide
298 5130 452 5202 epistolem
467 5128 532 5185 libri
548 5131 666 5201 septimi
681 5132 725 5200 90,
742 5136 803 5188 not.

122 5205 198 5277 (372)
220 5203 293 5259 Vide
308 5201 447 5276 epistolas
470 5201 538 5256 libri
563 5203 641 5257 tertii
668 5205 713 5271 15,
736 5212 817 5272 noi.;
842 5202 910 5260 libri

85 5276 244 5350 quintili,
270 5281 332 5330 not.
356 5275 425 5331 Vide
450 5273 537 5329 etiem
557 5273 725 5345 Ugbellnm,
749 5274 813 5331 lint.
839 5291 901 5332 secr

84 5356 160 5404 tom.
177 5350 199 5413 1,
215 5346 271 5404 col.
289 5346 350 5400 185.

124 5420 188 5490 (373
226 5417 356 5490 Epistola
371 5416 433 5473 baec
449 5415 601 5489 reperiiur,
624 5418 675 5473 sed
690 5416 774 5474 valde
796 5417 912 5490 mutila,

86 5491 166 5548 inter
206 5490 357 5552 ccreteles,
381 5488 433 5544 lib.
447 5504 489 5557 ru,
506 5489 551 5544 iit.
578 5491 605 5556 7,
620 5489 659 5545 tie
682 5489 911 5551 institutionibus.

86 5580 151 5636 cap.
169 5562 267 5627 ioum
282 5560 341 5617 illic
362 5561 511 5633 leguntur,
527 5559 575 5616 bic
591 5560 675 5617 uncis
694 5560 810 5620 inclusa
831 5562 913 5621 exbi-

962 3933 1786 4009 redusSebinensisEcclesiepresulatumaccepit.Nuili

961 4039 1066 4096 ergo...
1083 4026 1190 4080 nostre
1201 4024 1411 4093 concessionis,
1421 4029 1477 4082 etc.
1487 4024 1517 4081 si
1528 4025 1595 4098 quie
1608 4029 1719 4093 eutem,
1729 4029 1785 4084 etc.

997 4112 1105 4169 Datum
1130 4112 1319 4182 Ferentinis
1342 4114 1486 4171 Kalendas
1506 4114 1589 4188 Julii,
1605 4132 1682 4172 anno
1698 4131 1786 4172 nono.

961 4332 988 4371 e.
1017 4332 1109 4372 rurum
1137 4332 1232 4373 senen
1262 4231 1506 4390 Μιζοὲῗῐῖῗ)(374)
1539 4358 1546 4385 ,
1575 4336 1608 4376 nr
1635 4337 1663 4376 e.
1696 4337 1786 4377 rtrum

999 4421 1112 4460 saneris
1125 4421 1263 4461 susanam
1276 4405 1361 4478 (375).
1373 4422 1562 4463 rneserrrnrs
1571 4423 1787 4480 caneraamnus,

1000 4511 1179 4551 APOSTOLIGAE
1193 4511 1272 4552 SEDIS
1287 4512 1415 4553 metris,

965 4583 1040 4653 Quod
1065 4587 1176 4641 monent
1201 4583 1397 4667 patriarcham
1423 4584 1784 4661 constantinopolitannm,

998 4655 1070 4727 quod
1081 4671 1135 4712 non
1149 4657 1267 4729 receptat
1282 4658 1391 4713 tendor
1405 4660 1434 4714 in
1449 4661 1596 4717 canonicos
1615 4661 1722 4721 Sanctae
1736 4664 1787 4722 So·

998 4729 1083 4801 pliiae,
1099 4727 1146 4784 aed
1160 4728 1239 4797 elios,
1255 4728 1401 4786 dnmmodo
1417 4730 1482 4786 boni
1495 4731 1553 4788 sint
1564 4732 1649 4806 (376).

1191 4817 1360 4890 (Ferentini,
1374 4836 1402 4874 xi
1419 4819 1482 4876 Kal.
1498 4819 1583 4893 tuti.)

1002 4906 1219 4979 [antenorem]
1243 4908 1318 4979 (577)
1335 4915 1363 4964 et
1383 4911 1557 4966 commodum
1580 4919 1637 4970 tom
1659 4914 1789 4975 setene
1875 4976 1878 4981 .

966 5065 1094 5135 beetur3
1109 5066 1196 5123 variae
1210 5066 1350 5124 lectiones
1365 5070 1507 5141 apposite
1522 5076 1602 5128 sunt.

1001 5136 1074 5194 Vide
1089 5138 1283 5212 Reynaldum,
1300 5139 1336 5196 ad
1352 5156 1462 5197 annum
1481 5142 1558 5213 1206,
1575 5143 1644 5217 §Ei

1002 5209 1075 5281 (374)
1091 5210 1131 5267 De
1147 5211 1203 5268 isto
1214 5211 1275 5282 jem
1292 5210 1405 5268 dictum
1421 5212 1541 5285 sepius.

1002 5282 1077 5349 (375)
1092 5283 1182 5339 idem.

1002 5352 1075 5426 (376)
1090 5352 1163 5410 Vide
1177 5353 1319 5426 epistolas
1335 5355 1466 5410 diversas
1482 5353 1551 5411 libri
1565 5359 1669 5417 octavi.

1002 5424 1075 5490 (377)
1092 5426 1160 5492 Qua
1176 5425 1350 5497 loquuntur,
1368 5425 1415 5481 bic
1430 5424 1529 5484 italico
1549 5428 1717 5489 charactere
1729 5436 1792 5492 dis·

968 5491 1071 5561 tincta,
1095 5497 1205 5554 desunt
1228 5498 1257 5553 in
1283 5497 1509 5568 Decrclelibus;
1529 5515 1630 5558 verum
1654 5504 1793 5576 leguntur

970 5581 1045 5637 aque
1061 5566 1136 5625 Pitb.
1153 5570 1183 5625 in
1197 5568 1260 5627 edd.
