3780 6000
119 258 190 315 1295
597 257 805 314 trinoctium
824 259 864 312 lll
881 256 936 310 Pl‘.
955 250 1202 308 RBGBSTORUM
1220 253 1289 308 bie.
1309 253 1346 306 X.
1768 254 1826 309 12oe

120 383 261 440 Mortiers
275 386 359 438 terre
374 384 434 437 tam
451 380 535 436 culte
546 397 636 452 qnam
652 380 853 445 incultee‚cum
869 378 944 433 dna·
958 384 983 449 Α
1000 374 1082 431 sione
1096 374 1218 432 liuberti
1233 376 1270 432 de
1283 377 1390 433 Sancto
1404 376 1577 434 audomaro
1598 375 1734 434 hahetis.
1748 378 1826 442 Quid·

26 538 30 545 ,
117 472 175 527 bus
192 472 339 527 mansuris
354 476 480 540 terrae‚et
495 473 568 525 duas
579 471 686 542 garbas
701 471 737 525 de
752 468 942 538 Leloliepar·
995 465 1065 537 quid
1082 464 1112 520 in
1130 465 1276 535 parochiis
1287 468 1323 521 de
1337 466 1497 533 Blendelra,
1513 467 1549 523 de
1566 466 1691 535 Semina,
1706 468 1744 524 de
1760 468 1827 524 tte-

117 566 307 634 temquoque
325 559 713 631 dedimsedeWivuegeval,
735 575 802 615 cum
826 557 942 613 duabus
995 553 1332 626 drila,etltalriugbers
1357 554 1386 610 in
1413 556 1500 612 torris
1524 561 1588 613 tam
1619 557 1716 611 cultis
1746 574 1825 628 quam

4 696 16 701 ..
118 652 217 724 garbis
231 652 319 706 tinius
334 650 429 722 compi
441 654 523 704 terro
535 654 594 704 tam
611 648 695 705 culte
707 665 796 721 quam
812 645 940 711 inculte,
995 642 1131 709 incultis,
1149 643 1251 713 pratis,
1274 644 1396 712 mansis,
1413 645 1547 702 atrebas
1564 645 1637 702 aliis
1661 648 1826 718 possidetis.

118 746 146 797 et
161 740 254 796 tribus
271 739 420 795 mansuris
435 739 711 795 terroe.Donationes
726 741 939 810 preterendum
994 731 1140 805 Quidquid
1157 733 1244 788 ctiam
1259 733 1286 788 iu
1304 734 1397 805 burgo
1411 734 1512 791 Sancti
1526 736 1702 792 Audomari
1718 742 1826 792 etestrs

118 828 355 903 possessionibus
371 834 400 882 et
414 827 501 882 rebus
515 827 710 883 aliisabonae
727 827 874 881 memoris
893 829 940 877 tre·
994 820 1824 895 interris,mansis,pratis,paludibus‚equis,vivariis,

2 968 4 973 .
118 918 226 974 siderio
251 918 307 987 (bi)
332 915 494 971 Morinensi
522 917 657 988 episcopo
682 915 766 971 achis
790 918 819 968 et
834 928 941 968 mous·
994 918 1021 964 et
1036 909 1101 965 eliis
1117 911 1206 966 rebus
1217 911 1464 968 habetisTerram
1480 913 1629 971 arabilem
1647 916 1824 985 adjacentem

117 1005 208 1062 sterio
224 1009 320 1059 uestro
343 1020 509 1060 concessus.
541 1003 675 1060 llecimas
699 1019 758 1074 qus
783 1002 943 1057 tenuerunt
994 997 1069 1054 atriu
1084 998 1184 1054 Sancti
1199 999 1363 1056 Michaelis.
1376 1001 1482 1057 Terras
1497 1002 1634 1058 arabiles
1656 1008 1690 1058 et
1705 1010 1786 1075 prata
1800 1007 1823 1059 iu

30 1128 39 1145 .
116 1094 162 1151 W.
179 1094 215 1149 dc
230 1091 372 1149 Casteller
391 1097 419 1147 et
445 1092 589 1149 ilenrious
612 1093 648 1148 de
672 1090 780 1147 Lelolie
808 1091 837 1145 in
857 1105 941 1161 paro·
994 1086 1161 1145 Werdrilsa.
1175 1089 1322 1160 Quidquid
1340 1090 1498 1162 possidetis
1512 1090 1544 1147 in
1557 1093 1721 1162 parochiis
1735 1094 1823 1149 delta·

118 1182 184 1239 chia
200 1183 413 1249 debitoribus,
429 1198 496 1237 oum
510 1182 598 1238 terris
613 1185 642 1238 et
665 1180 851 1254 pertinentiis
866 1179 940 1235 suis.
994 1175 1135 1246 kinghere
1147 1180 1177 1232 et
1191 1177 1227 1232 de
1240 1176 1352 1234 soieka.
1369 1177 1440 1235 Octo
1455 1194 1622 1237 mansuras
1641 1185 1730 1237 terre
1757 1199 1821 1254 ques

117 1270 265 1342 Quidquid
284 1270 313 1325 iu
330 1269 477 1342 parochiis
487 1270 522 1325 de
537 1269 737 1341 Altarlbus,de
751 1265 941 1338 Bosiughere,
994 1266 1077 1320 vobis
1091 1264 1193 1321 Simon
1207 1266 1358 1338 presbyter
1373 1268 1409 1324 de
1419 1268 1570 1325 hasebroc
1585 1268 1710 1327 iutuitu
1735 1272 1822 1327 diuino

117 1366 146 1417 et
161 1362 197 1415 de
212 1359 285 1414 Cure
300 1359 330 1413 iu
358 1357 490 1425 decimis,
515 1359 613 1426 terris,
640 1363 668 1413 et
693 1357 758 1413 aliis
781 1357 868 1411 rebus
888 1354 940 1409 ba·
994 1355 1150 1409 concessit.
1167 1353 1260 1410 Unam
1275 1356 1369 1426 pisam
1387 1357 1494 1430 butyri,
1511 1364 1543 1413 et
1568 1362 1673 1415 terras
1687 1376 1762 1432 qnae
1775 1361 1817 1417 ba·

65 1508 68 1515 ,
118 1450 204 1505 betis.
222 1448 358 1504 Decimus
372 1448 408 1502 de
423 1447 506 1517 Curs,
523 1465 597 1519 quas
619 1448 721 1503 Petrus
737 1452 765 1502 et
779 1443 941 1501 Guniridus
994 1441 1069 1497 betis
1082 1441 1113 1497 in
1129 1441 1264 1515 parochia
1280 1444 1315 1499 de
1330 1446 1636 1519 BrolserlsaQuiuque
1654 1448 1821 1506 solidescu-

117 1539 154 1595 ds
169 1540 252 1594 Serto
269 1536 391 1593 Riceerii
406 1536 490 1592 vobis
512 1538 542 1591 in
567 1536 784 1608 eleemosynam
809 1530 941 1588 contule·
993 1545 1068 1585 nuos
1083 1532 1160 1602 apud
1177 1531 1302 1589 Rubrae.
1319 1533 1454 1605 Triginta
1478 1550 1529 1591 sex
1556 1534 1660 1593 hodos
1686 1554 1782 1595 avene
1795 1540 1818 1594 iu

24 1620 36 1637 ”
118 1632 198 1682 runt.
215 1626 329 1680 Partem
345 1624 465 1680 decime
485 1626 520 1681 de
535 1622 890 1689 Keruemarsse,decimas
904 1620 940 1675 da
993 1618 1130 1690 parochia
1141 1620 1490 1693 desudinghsssla.Sane
1498 1623 1646 1681 laborum
1663 1635 1819 1683 vestrorum

119 1714 208 1783 llecb,
224 1713 260 1768 de
275 1712 446 1779 Timbrons,
462 1716 491 1766 et
506 1713 541 1767 de
558 1711 715 1784 lingiacho
737 1712 766 1766 in
780 1710 940 1779 eleemosy·
995 1723 1070 1778 qnos
1084 1709 1210 1782 propriis
1225 1710 1364 1767 manibus
1378 1715 1429 1767 aut
1443 1715 1622 1785 sumptibus
1638 1716 1754 1784 colitis,
1768 1724 1818 1773 tam

119 1818 187 1858 nam
204 1801 286 1856 vobis
301 1816 467 1856 concessas.
484 1799 563 1856 Duas
580 1807 678 1873 partes
705 1800 825 1856 decimae
843 1799 877 1853 de
894 1797 942 1851 hi·
996 1795 1032 1850 de
1046 1796 1133 1852 terris
1148 1796 1236 1853 cultis
1250 1814 1340 1871 quam
1353 1800 1483 1866 incultis,
1511 1807 1570 1858 eto.
1588 1802 1697 1860 Liceat
1715 1821 1820 1877 quoqne

119 1889 287 1963 dringhere,
304 1906 371 1945 cum
387 1890 665 1961 dominio,terris,et
681 1890 746 1946 aliis
761 1887 943 1962 appendiciis
996 1883 1077 1940 vobis
1087 1884 1226 1942 mulieres
1238 1885 1344 1944 liberas
1355 1892 1384 1944 et
1396 1888 1574 1946 absolutase
1590 1893 1708 1950 saeculo
1719 1893 1820 1966 lugien-

119 1980 192 2036 suis.
221 1979 349 2034 Tertiam
375 1986 489 2050 partem
510 1979 629 2034 decime
660 1980 697 2035 de
729 1978 941 2050 odinghetum,
995 1974 1819 2048 tesciaprohibemusinsuperutnutlisororumve·

120 2085 211 2140 quam
227 2067 402 2124 Godelridus
418 2068 511 2123 laicus
528 2068 556 2122 ln
580 2067 796 2141 eleemosynam
813 2064 941 2123 ecclesie
994 2067 1123 2118 strarum
1140 2069 1206 2135 pust
1221 2066 1326 2121 laetam
1342 2065 1371 2120 in
1386 2068 1565 2124 monasterio
1591 2076 1696 2126 vestro
1718 2074 1819 2143 proles·

119 2162 222 2214 vestre
233 2156 591 2213 concessit.Molendinum
608 2161 764 2228 quoquest
773 2161 880 2211 terram
891 2155 941 2209 sd·
994 2149 1106 2207 sionem
1124 2152 1168 2207 las
1184 2152 1233 2219 sit,
1250 2157 1305 2209 ete.
1322 2154 1527 2211 Discedentem
1552 2171 1639 2226 vero,
1666 2164 1725 2215 etc.
1752 2160 1817 2217 Illud

116 2248 264 2317 jacentem
281 2245 356 2302 atrio
370 2250 482 2302 Sancte
506 2244 665 2313 columbe,
690 2261 757 2300 cum
783 2244 939 2299 duodecim
994 2237 1156 2296 districtius
1171 2240 1338 2299 inhibentes
1352 2259 1389 2300 na
1405 2253 1496 2300 terras
1520 2260 1573 2301 ssu
1601 2248 1763 2318 quodlibet
1776 2251 1817 2305 be·

117 2336 246 2391 denariis
259 2336 366 2390 annuis
382 2339 411 2389 et
426 2333 610 2405 pertinentiis
626 2336 698 2389 suis.
713 2334 834 2389 Terram
850 2332 939 2388 etiam
993 2328 1131 2384 netlcium
1147 2329 1392 2388 Ecclesiaevestrae
1408 2332 1547 2390 collatum
1557 2334 1652 2392 liceat
1666 2337 1817 2412 alicuiper·

117 2424 211 2479 sidem
227 2425 302 2479 atrio
313 2423 496 2494 adjacentem
506 2423 674 2494 queluerat
684 2421 939 2478 llustacbiiclerici
993 2417 1133 2473 sonaliter
1148 2419 1218 2475 dere
1232 2420 1293 2476 aive
1308 2420 1365 2476 alio
1383 2425 1468 2478 modo
1481 2421 1615 2480 alienere
1631 2425 1815 2499 absqueccn·

115 2517 144 2568 et
158 2512 334 2585 participum
351 2513 427 2584 ejus,
443 2528 511 2567 cum
528 2512 712 2584 pertinentiis
736 2512 809 2567 suis.
826 2509 939 2567 Molee·
991 2523 1080 2563 sensu
1096 2509 1185 2564 totius
1200 2508 1322 2579 capituli
1337 2509 1380 2567 uel
1392 2512 1510 2580 πιιῙονίε
1521 2518 1575 2568 ant
1592 2516 1816 2589 saniorispartis

116 2602 218 2657 diuum
235 2602 313 2673 quod
332 2602 423 2657 luerat
440 2600 568 2657 Matthei
585 2600 768 2668 militis,cum
786 2601 937 2673 pertinen·
990 2593 1095 2666 ipsius.
1120 2597 1149 2653 Si
1174 2615 1236 2670 qua
1259 2615 1327 2655 vero
1356 2600 1529 2657 donationes
1556 2602 1604 2658 vel
1627 2603 1814 2664 alienationes

113 2689 163 2747 tiis
179 2690 251 2762 suis,
265 2690 345 2747 Duas
360 2690 485 2746 raserias
509 2689 611 2761 tritici,
645 2697 773 2762 quatuor
800 2705 937 2761 capones,
990 2684 1075 2741 aliter
1090 2702 1177 2757 quam
1192 2687 1305 2743 dictum
1329 2693 1374 2745 est
1397 2692 1480 2745 lacta
1505 2692 1630 2759 luerint,
1657 2710 1712 2751 eas
1728 2697 1814 2754 irritas

113 2796 201 2836 anain
216 2795 387 2835 mansuram
403 2783 487 2835 terre
502 2779 686 2850 adjacentem
707 2780 874 2835 molendino
900 2779 937 2835 de
989 2792 1054 2832 esse
1069 2793 1234 2834 nossemus.
1249 2782 1305 2835 Pro
1315 2782 1672 2841 consecrationibusvero
1684 2786 1811 2844 altarium

112 2869 211 2936 ltruai,
227 2874 256 2924 et
272 2871 401 2941 quinque
417 2868 654 2924 solidosannuoe
668 2867 749 2924 vobis
765 2885 782 2924 a
797 2867 935 2940 Bergeusi
988 2863 1032 2921 vel
1049 2867 1250 2933 eeclesiarum,
1267 2868 1328 2924 sive
1343 2885 1395 2941 pro
1411 2870 1474 2925 oleo
1489 2878 1606 2943 saneto,
1623 2875 1672 2930 vel
1690 2878 1812 2948 quolibet

110 2957 267 3014 castellano
285 2957 590 3030 collatos‚quindecim
607 2974 762 3013 mansuras
777 2961 860 3013 terra
871 2973 934 3029 que
988 2952 1045 3009 alio
1060 2954 1256 3011 ecclesiastico
1276 2962 1470 3024 sacramento,
1487 2957 1593 3016 nullus
1619 2978 1637 3018 a
1664 2966 1752 3021 vobis
1765 2966 1810 3022 sub

109 3046 226 3101 luerunt
245 3047 374 3103 Simonis
390 3046 492 3102 militis
507 3047 543 3103 da
567 3046 677 3102 Roden.
707 3046 883 3103 Comitatum
896 3046 932 3102 de
987 3041 1106 3098 obtentu
1123 3044 1346 3101 consuetudinis
1355 3045 1398 3101 vel
1411 3045 1467 3102 alio
1482 3046 1619 3119 quolibet
1634 3054 1809 3126 modoqnid·

110 3136 268 3203 Witelra,et
284 3135 429 3209 quidquid
446 3152 480 3191 ex
496 3137 572 3191 dono
589 3134 740 3192 castellani
756 3136 928 3208 ejusdemiu
944 3112 966 3176 G
986 3146 1074 3201 quam
1092 3133 1448 3205 audeatextorquere,sed
1463 3134 1648 3195 haecomnia
1665 3144 1810 3213 gratissu-

6 3264 9 3271 -
108 3225 372 3281 terristamcultis
396 3242 485 3297 quum
511 3224 641 3296 incultis,
674 3225 777 3297 pratis,
807 3226 930 3294 mansis,
984 3219 1809 3302 bisepiseopusdioecesanusimpendatellioquinlieest

32 3337 34 3341 ·
106 3314 429 3385 cquis,rnolendinis,et
443 3314 530 3370 rebus
545 3314 611 3370 aliis
628 3313 931 3386 possidetisflomits·
982 3309 1064 3365 vobis
1093 3326 1299 3383 quemcunque
1328 3312 1490 3369 malueritis
1514 3316 1707 3377 catholicum
1739 3324 1808 3379 adire

105 3408 168 3457 tum
187 3403 609 3474 qaemhabetisinpsroebia
630 3403 664 3457 ds
689 3401 929 3468 baudeliacum
982 3397 1143 3454 antistitem
1159 3399 1283 3471 gratiam
1312 3405 1340 3457 et
1364 3404 1608 3462 communionem
1640 3412 1804 3482 apostolice

104 3492 292 3561 pertinentiis
318 3491 392 3560 suis,
415 3508 466 3563 per
492 3508 601 3547 munus
625 3490 753 3563 Philippi
779 3491 927 3562 quondam
981 3486 1060 3542 sedis
1077 3487 1412 3560 habentem,quinostra
1427 3492 1518 3549 fretus
1533 3499 1805 3558 auctoritatevobis

103 3577 292 3634 l'lundrensis
303 3577 557 3634 comitisecclesiue
566 3584 666 3634 vestre
678 3578 928 3635 concessum.Tri·
980 3575 1054 3646 quod
1071 3575 1238 3648 postulatur
1253 3579 1560 3650 impendatPraterea
1570 3600 1644 3643 cum
1656 3604 1803 3647 commune

102 3666 184 3737 ginta
194 3666 435 3722 duasmansuras
448 3672 528 3722 terrra
539 3666 736 3738 qusshehetis
749 3667 778 3720 in
789 3665 927 3738 parochie
979 3662 1168 3721 interdictum
1188 3671 1271 3722 terre
1284 3667 1383 3738 luerit,
1398 3667 1483 3727 liceat
1497 3672 1582 3728 vobis
1609 3676 1802 3736 nihilominus

103 3753 140 3808 de
154 3753 253 3808 Sancti
266 3755 425 3810 Audomari
440 3754 830 3827 Ecclesin.Vigintiquinque
841 3771 924 3809 man·
980 3751 1010 3807 in
1027 3753 1205 3809 monasterio
1219 3759 1326 3824 vestro,
1342 3757 1469 3815 exclusis
1491 3768 1770 3824 excommunicatis
1781 3774 1802 3823 et

101 3858 187 3897 serras
202 3848 230 3897 et
245 3843 443 3908 dimidiam,et
453 3845 596 3899 decimam
614 3847 726 3913 partem
743 3842 831 3898 unius
842 3859 925 3898 man·
978 3840 1151 3912 interdictis,
1167 3842 1264 3899 divina
1277 3844 1373 3902 allicis
1387 3847 1545 3904 celebrare.
1565 3851 1632 3907 Paci
1652 3870 1769 3927 qnoque
1780 3862 1801 3911 at

102 3948 177 3985 surse
201 3931 342 3998 nemoris,
367 3949 439 4002 quas
465 3931 579 3988 habetis
603 3932 631 3987 in
658 3931 792 3988 lteihout.
819 3932 923 3989 Decem
977 3930 1185 4002 tranquillitati
1201 3937 1303 3988 vestre
1314 3936 1473 4005 paternain
1490 3941 1650 4008 posterum
1668 3943 1800 4002 sollicite·

101 4038 259 4077 urunsuras
275 4021 390 4093 paludis
405 4038 479 4094 quas
489 4021 650 4077 llainaldus
660 4037 758 4077 comes
774 4021 925 4078 bolonien-
975 4020 1043 4074 dine
1059 4020 1209 4092 providere
1223 4020 1363 4091 volentes,
1377 4024 1552 4082 auctoritate
1564 4032 1799 4107 apostolicsprc·

98 4109 141 4163 sis
155 4112 184 4164 et
199 4110 249 4164 lda
264 4125 337 4164 uxor
350 4109 445 4181 ipsius
466 4109 550 4165 vobis
575 4108 744 4164 charitative
764 4109 920 4166 donarunt.
975 4107 1111 4165 bibemus
1122 4109 1535 4169 utinlraclausuraslocorum
1545 4131 1600 4174 seu
1612 4124 1796 4196 grangiarum
1851 4164 1853 4181 ,

98 4196 282 4253 Medietatem
294 4214 411 4269 quoque
427 4197 592 4263 salliacum
607 4197 696 4253 totius
707 4199 775 4268 jure
785 4196 920 4268 dominii,
973 4201 1138 4253 uestrarum
1154 4198 1573 4273 nullusrapiuamseulurtum
1592 4210 1798 4287 l'acere,ignsm
1851 4210 1853 4251 5

94 4300 183 4356 quam
199 4285 340 4341 Boidinus
357 4286 393 4341 de
409 4286 594 4342 haveskerka
608 4285 690 4342 vobis
707 4286 837 4354 donavit,
851 4302 919 4342 cum
973 4301 1130 4358 apponere,
1146 4289 1321 4359 sauguinem
1344 4290 1477 4369 sundere,
1503 4292 1669 4355 huminem
1700 4306 1797 4358 temera

91 4375 277 4445 pertinentiis
293 4376 366 4431 suis.
383 4382 489 4432 Decem
516 4375 642 4431 raserias
669 4374 747 4431 bladi
771 4375 918 4442 brienses,
972 4392 1075 4449 capere
1086 4377 1132 4434 vel
1147 4378 1312 4436 interlicere
1327 4398 1378 4438 seu
1393 4382 1563 4441 violentiam
1592 4391 1713 4448 audeat
1726 4409 1797 4448 exer·

92 4479 166 4532 quas
185 4463 301 4518 bebetis
323 4464 351 4517 in
378 4463 547 4521 molendino
571 4464 606 4519 de
630 4463 757 4519 Witeka.
777 4466 919 4531 Quartam
936 4468 958 4533 D
974 4480 1048 4521 cere.
1065 4471 1207 4524 crateron
1223 4486 1326 4528 omnes
1341 4470 1489 4529 libertates
1515 4477 1544 4529 et
1561 4475 1798 4539 immunitetcss

93 4556 206 4622 partem
225 4552 316 4607 totius
332 4551 405 4607 vitis
422 4553 457 4608 de
480 4552 704 4622 Wenningeval,
730 4559 850 4624 excepto
867 4569 916 4608 ne·
970 4554 1796 4634 predecessoribusnostrisRomanispontillcibusordiui

94 4655 175 4694 arrore
190 4640 266 4711 quod
282 4640 390 4695 dicitur
405 4641 439 4696 de
450 4640 721 4697 Fui-Possessiones
738 4657 812 4712 quas
827 4640 915 4696 habe·
970 4648 1064 4700 vestro
1080 4660 1367 4710 concessas,nscnon
1381 4654 1411 4706 et
1421 4649 1574 4708 libertates
1588 4659 1622 4711 st
1639 4658 1795 4733 exemptio·

92 4727 130 4782 tis
144 4727 173 4783 in
191 4728 329 4798 parochia
345 4731 380 4784 de
396 4730 627 4799 Alteribus,cum
644 4729 916 4796 decimis,terris,et
968 4747 1021 4787 nes
1035 4733 1222 4792 secularium
1236 4737 1421 4794 exactionum
1438 4756 1455 4796 a
1474 4739 1597 4813 regibus
1615 4750 1649 4801 et
1662 4748 1793 4820 principi·

91 4817 179 4873 rebus
194 4818 259 4874 aliis
276 4818 454 4874 monasterio
466 4826 561 4875 vestro
579 4818 702 4876 collatis.
712 4817 805 4874 Unam
818 4834 914 4874 carru·
967 4820 1023 4876 bus
1037 4820 1083 4878 vel
1098 4821 1164 4880 aliis
1179 4824 1317 4882 tidelibus
1332 4826 1546 4884 rationabiliter
1564 4832 1657 4892 vobis
1671 4837 1791 4894 indultas

89 4923 153 4962 cam
170 4913 263 4974 terra,
280 4911 308 4962 et
324 4913 417 4962 terras
433 4923 507 4977 quas
534 4906 691 4979 possidetis
716 4907 745 4963 in
768 4907 912 4978 parochiis
967 4911 1141 4968 auctoritate
1157 4912 1318 4983 apostolica
1339 4916 1551 4975 confirmamus
1579 4927 1613 4977 et
1646 4927 1791 4996 presentis

85 4996 121 5051 de
134 4996 365 5066 Busingbereme
380 4995 530 5069 Sperlelae,
542 5000 571 5051 ct
588 4996 623 5052 de
638 4994 910 5069 Guminelingbare,
965 4998 1067 5071 scripti
1083 5002 1246 5072 patrocinio
1262 5005 1492 5063 communimus.
1517 5006 1791 5088 Decernimussrgo

86 5090 115 5139 et
138 5086 173 5138 de
200 5086 412 5155 Farkenberga.
429 5084 631 5158 Quadraginta
655 5086 728 5142 duas
754 5102 910 5143 mansuras
965 5095 997 5143 ut
1011 5087 1467 5149 nulliomninohominumliceat
1478 5097 1641 5168 prelatum
1655 5112 1792 5163 monaste·

86 5172 216 5227 nemoris
231 5174 306 5244 apud
320 5173 590 5244 Kercaurp.'l'erram
607 5190 695 5245 quam
707 5174 821 5231 habetis
832 5176 908 5247 apud
964 5175 1041 5231 rium
1054 5180 1163 5234 temere
1180 5182 1352 5252 perturbare
1366 5188 1418 5239 aut
1432 5185 1497 5256 ejus
1519 5193 1736 5257 possessiones
1749 5210 1791 5250 su·
1836 5240 1840 5245 .

87 5258 519 5332 Hassinghere.lledditusquos
530 5262 908 5337 lubricusiparocbiapos·
962 5263 1048 5333 terre,
1066 5270 1123 5322 etc.
1140 5267 1226 5324 Salva
1242 5271 1322 5326 sedis
1337 5272 1506 5343 apostolice
1521 5280 1756 5349 auctoritatem
1767 5285 1790 5341 ir
1834 5278 1838 5293 ‘

84 5348 199 5407 uidetis.
215 5350 330 5422 Septem
346 5351 513 5422 quarterios
535 5367 633 5409 avene
649 5368 724 5426 quos
739 5369 774 5410 ex
788 5369 907 5411 conces·
960 5355 1099 5428 praedicta
1113 5359 1393 5431 espellsdioecessni
1406 5364 1537 5440 episcopi
1553 5374 1791 5449 canonicalesti·

117 5564 173 5637 (65)
189 5564 260 5636 h'jus
276 5564 382 5621 littere
397 5566 481 5622 edita
497 5573 568 5625 suut
582 5572 603 5624 t.
622 5567 667 5637 lli,
683 5567 831 5642 spicilegii
848 5568 983 5644 bachen,
999 5587 1066 5646 pag.
1081 5572 1145 5632 3³0.
