3780 6000
101 233 148 290 aar
595 241 855 299 commeares
871 241 972 299 anuo
990 243 1051 312 vn,
1070 244 1214 301 caarsrr
1234 242 1314 299 aaut.
1628 226 1633 238 '
1753 242 1809 301 aaa

103 361 346 435 metropolitanos
362 364 505 439 Balgarie
521 368 549 422 et
572 366 675 423 Blaoie
691 367 864 440 praecellatis
879 384 928 425 ra·
940 370 968 438 Α
986 368 1102 440 quoties
1116 368 1342 437 necesselucrit,
1359 368 1702 440 qulbaptizandiluerint
1713 370 1809 444 bapti·

103 450 180 508 tione
192 453 349 525 primatiae,
364 457 393 510 et
408 453 465 527 ipsi
478 455 529 511 tibi
546 460 576 513 et
589 456 632 513 eis
640 457 722 529 juxta
739 459 863 513 termam
879 474 926 514 ca·
980 461 1096 529 nentur,
1111 464 1139 514 et
1153 458 1367 516 confirmentur
1386 474 1438 530 per
1453 457 1634 514 dioecesanos
1653 460 1808 532 episcopos

102 543 240 600 noniosm
255 545 446 602 reverentiam
460 546 577 620 primati
590 548 721 605 debitam
732 549 927 606 exhibeantet
982 546 1362 619 quilueriutconltrmandi,
1374 563 1427 604 uec
1436 547 1641 620 cpiscoporum
1653 563 1808 606 consecra-

101 631 255 700 henerem,
272 635 484 692 fraternitatem
501 639 582 693 tuam
599 638 674 695 seire
688 637 831 708 volentes,
849 639 926 712 qued
981 635 1033 700 lie,
1056 652 1109 692 nec
1131 636 1276 693 ordinatio
1302 637 1502 702 sacerdotum,
1521 640 1640 709 propter
1661 636 1809 695 delectum

99 723 178 795 apud
195 739 250 779 nos
273 723 335 780 haee
349 725 408 781 duo
424 725 555 795 nomina,
572 727 684 799 primas
703 732 732 784 et
746 728 925 800 patriarcha,
981 725 1164 797 hujusmodi,
1179 727 1225 782 vel
1241 726 1420 800 impediatur
1434 726 1562 798 penitus,
1575 725 1619 781 vel
1632 725 1743 782 diutius
1754 726 1810 782 dil-

98 828 172 884 pene
188 813 309 884 penitus
324 813 402 870 idem
415 819 532 886 sonant,
548 833 615 872 cum
633 816 808 890 patriarchae
824 822 852 874 et
862 817 923 890 pri·
980 815 1101 884 leretur,
1118 816 1199 888 quia,
1219 815 1288 872 licet
1312 815 1456 871 haetenus
1471 815 1548 887 apud
1565 832 1615 871 vos
1637 831 1691 871 nce
1706 815 1736 871 in
1753 831 1808 871 sua

97 906 194 958 metes
209 905 327 959 teneant
343 920 430 960 uuam
452 903 586 975 sormam,
602 904 670 962 licet
685 922 786 963 eorum
803 907 925 964 nomina
982 904 1166 961 ordinatione
1181 904 1356 977 presbyteri,
1384 921 1436 960 neo
1452 903 1481 960 in
1509 903 1730 960 consecratione
1752 920 1807 961 sua

96 990 159 1048 sint
173 991 302 1048 diversa.
315 993 456 1048 Praesenti
471 1010 587 1067 quoque
599 995 761 1068 privilegio,
773 996 825 1051 tibi
837 1001 865 1052 et
876 1014 926 1068 per
979 993 1108 1066 episcopi
1124 993 1332 1049 consueverint
1346 1010 1460 1049 sacram
1477 992 1605 1065 recipere
1622 993 1805 1064 unctionem,

96 1083 123 1136 te
138 1079 203 1137 tuis
228 1082 463 1154 suecessoribus,
489 1083 662 1157 inungendi,
689 1085 882 1141 benedicendi
897 1090 926 1143 et
978 1084 1117 1139 velumus
1133 1087 1246 1150 tamen,
1262 1087 1294 1137 ut
1309 1083 1460 1153 deinceps,
1477 1099 1535 1138 non
1561 1087 1620 1137 tam
1637 1083 1726 1138 ritum
1752 1100 1805 1139 no·

94 1170 259 1226 coronandi
274 1186 356 1244 reges
368 1170 560 1243 bulgarorum
574 1177 603 1230 et
620 1174 770 1231 blacorum
782 1175 812 1230 in
824 1182 923 1248 peste·
979 1176 1075 1228 strum
1101 1188 1189 1244 quam
1207 1173 1378 1228 mandatum
1406 1171 1537 1228 divinum
1560 1176 1728 1243 sequentes,
1754 1188 1806 1245 per

94 1275 164 1315 rum
179 1258 304 1316 liberam
316 1261 507 1318 concedimus
520 1261 700 1320 facultatem.
716 1263 846 1320 Obeunte
856 1281 924 1322 vcro
979 1262 1057 1331 quod
1075 1261 1103 1316 in
1121 1260 1185 1332 lege
1200 1261 1370 1333 precipitur
1384 1266 1417 1316 ut
1427 1261 1581 1333 pontifices
1596 1262 1805 1319 atsaeordotca

93 1353 132 1419 te,
149 1366 233 1406 nune
251 1350 381 1406 ecclesie
405 1357 572 1408 memoratae
599 1354 735 1425 primate,
760 1353 860 1410 nullus
883 1354 924 1411 ibi
980 1355 1141 1422 ungantur,
1158 1367 1265 1407 manus
1281 1367 1380 1407 eorum
1395 1350 1444 1422 qul
1460 1350 1729 1407 ordinandisuntin
1741 1367 1804 1423 pre·

93 1438 232 1511 qualibet
248 1440 449 1512 subreptionis
465 1442 574 1498 astutia
591 1447 787 1516 preponatur,
805 1443 861 1499 nisi
873 1445 922 1517 qui
977 1440 1220 1513 sbyteres,ettam
1237 1456 1343 1496 manua
1357 1457 1446 1513 quam
1458 1444 1545 1512 eaput
1556 1456 1656 1497 eorum
1670 1439 1721 1513 qui
1731 1457 1804 1498 eon·

92 1529 238 1584 canonice
249 1527 336 1586 luerit
345 1528 457 1586 alectus
468 1531 503 1586 ad
515 1547 580 1587 eam
593 1532 756 1588 secundum
769 1537 923 1590 consuetu·
977 1529 1113 1587 sacrandi
1124 1534 1193 1587 sont
1204 1530 1233 1585 in
1245 1530 1410 1602 episcopos,
1422 1528 1593 1585 solemniter
1602 1528 1797 1602 inungantur.

92 1617 196 1675 dinem
203 1618 536 1692 approbatam.1tteetus
547 1623 922 1695 autem‚permetropolila-
976 1623 1128 1688 Praeterea,
1141 1620 1415 1690 erucem,vexillum
1426 1619 1724 1676 videlieatllomiuieae
1736 1636 1803 1691 poa·

92 1706 292 1764 nnmetalios
302 1707 645 1782 sollmganeosejusdem
657 1711 796 1782 ecelesia,
808 1713 858 1786 qui
872 1730 922 1786 po·
939 1745 962 1811 B
978 1709 1078 1776 sionis,
1095 1715 1164 1767 ante
1179 1718 1205 1767 ta
1221 1714 1372 1782 pertulum
1385 1709 1552 1782 bulgariam
1567 1713 1595 1765 et
1607 1708 1736 1765 blaciam
1748 1708 1801 1764 de-

89 1801 193 1853 terunt
204 1795 359 1866 iuteresse,
371 1798 401 1853 in
412 1798 583 1872 episcopum
595 1799 766 1856 selemniter
775 1818 924 1858 censeare·
977 1798 1088 1855 terendi
1100 1799 1274 1855 fraternitati
1288 1805 1345 1856 tuae
1361 1799 1509 1855 licentiam
1521 1796 1734 1871 ipmartimur.]
1745 1803 1800 1855 oa-

89 1890 151 1942 tur.
165 1888 363 1944 consecratae
377 1903 455 1955 vero,
472 1889 507 1944 ud
524 1889 624 1945 sedem
641 1890 833 1963 apostolieum
846 1907 923 1948 nun·
977 1886 1126 1945 cernimus
1142 1904 1221 1961 ergo,
1239 1892 1294 1944 eto.

86 1975 239 2033 fioasnos
261 1974 367 2047 mittat,
387 1976 511 2050 pallium
536 1978 572 2034 de
596 1994 717 2051 corpere
743 1980 820 2036 beati
845 1980 922 2037 Petri
1012 1977 1130 2046 Datum,
1148 1979 1181 2036 llt
1195 1995 1290 2050 supro.

88 2068 264 2139 sumptum,
275 2064 732 2141 insiguevidelicetplenitudinis
744 2069 922 2142 pontiliealis
1331 2049 1368 2108 lll
1390 2050 1440 2121 (7)-

91 2154 198 2224 officii,
215 2154 415 2228 petitum„
431 2157 711 2231 cujugsugoepgone
718 2159 921 2230 jumentum
977 2154 1005 2196 n.
1027 2153 1248 2197 aaerrrsrraooro
1262 2155 1450 2196 raruovrmuo
1465 2154 1662 2195 nunanaoauar
1682 2155 1717 2194 nr
1730 2154 1799 2194 nna·

90 2244 167 2300 illud
196 2242 292 2316 nobis,
308 2248 336 2299 et
350 2245 571 2302 successoribus
594 2247 715 2315 uostris,
735 2254 763 2304 et
787 2249 922 2306 Ecclesiae
1261 2228 1361 2268 ⁰⁰¹²⁰l¹
1383 2227 1513 2267 l'ssfflffl·

89 2333 407 2406 πωπω
424 2335 501 2408 ππ
518 2335 568 2391 π
583 2337 920 2411 π
975 2299 1430 2444 uallata.titillatu
1447 2298 1799 2455 ttttztalttutz

90 2423 193 2493 lllssssls
210 2423 372 2480 mundum
389 2424 820 2496 8⁰⁰0l⁸l⁹ffl⁰⁰ss⁸⁰sslulll⁰⁰ssss
836 2427 921 2485 ¹¹⁰1)ss
1010 2461 1094 2516 qnam
1117 2444 1325 2516 metropolitani
1348 2446 1468 2515 episcopi
1482 2448 1508 2499 et
1532 2442 1684 2515 presbytera
1709 2444 1798 2516 aptius

92 2516 248 2586 prestant,
264 2515 292 2568 et
313 2516 344 2569 tu
366 2513 474 2586 ipsein
497 2514 685 2587 susceptione
706 2515 786 2588 pallii
808 2519 920 2589 prusti·
1009 2516 1159 2588 prouincia
1176 2518 1313 2588 rccipiunt
1326 2518 1493 2585 unctionem,
1508 2520 1563 2570 cto.

90 2603 155 2658 listi
168 2617 175 2656 :
194 2602 281 2674 eujus
300 2602 424 2659 sormam
441 2601 522 2660 bulla
537 2608 639 2660 nostra
649 2605 797 2677 signatam
808 2607 843 2661 ed
855 2624 921 2680 per·
1242 2605 1373 2678 (Datum,
1388 2608 1531 2675 utsupra.)

92 2696 218 2763 petuam
235 2690 408 2748 memoriam
419 2692 616 2764 destinamus,
626 2687 823 2765 exprimentes
833 2697 861 2751 in
874 2713 919 2766 ea,
1010 2717 1024 2746 a
1036 2696 1120 2766 [Cum
1131 2693 1259 2750 venisset
1270 2695 1304 2749 ad
1318 2692 1508 2764 apostolicam
1520 2694 1620 2749 sedem
1630 2694 1798 2749 rrerrcratilr's

90 2785 134 2847 ut,
148 2797 219 2837 cum
236 2780 264 2836 io
281 2797 379 2854 regam
395 2781 556 2854 quemlibet
567 2797 601 2838 ex
616 2783 747 2855 praedicti
759 2784 837 2857 regis
853 2803 919 2842 eue-
977 2786 1092 2855 airater
1115 2788 1217 2849 noster,
1243 2785 1383 2855 episcopus
1411 2782 1689 2848 ter-onenoterenau,
1715 2783 1796 2838 clara
1856 2854 1859 2859 .

92 2869 266 2927 caesoribus
280 2871 457 2943 coronarint,
468 2871 674 2945 praescriptum
686 2873 722 2929 ab
733 2890 766 2930 eo
778 2874 921 2946 recipiant
974 2894 988 2922 a
1005 2873 1083 2929 iretis
1108 2873 1297 2928 insinuatione
1316 2874 1479 2927 monastravit
1495 2876 1568 2943 queit
1590 2871 1628 2942 (8)
1646 2870 1674 2926 in
1694 2886 1797 2928 eonse-

86 2958 918 3034 juramentum.Cumautemaliquismelropolitancrum‚
972 2984 986 3012 α
1003 2962 1134 3018 eratione
1162 2979 1216 3018 sua
1240 2977 1348 3018 sacroru
1367 2978 1426 3017 non
1442 2966 1587 3032 receperat
1617 2959 1797 3028 unctionem,

89 3047 141 3120 qui
157 3046 213 3103 tibi
225 3049 295 3119 jure
310 3047 464 3120 subjacent
485 3049 640 3122 primatiae,
654 3049 732 3106 viam
748 3050 835 3107 luerit
851 3051 918 3107 uui·
976 3050 1137 3123 «quoniam
1147 3052 1224 3124 apud
1237 3067 1287 3108 vos
1296 3067 1352 3107 nou
1365 3065 1543 3108 consuevere
1551 3049 1717 3123 pontifices,
1728 3066 1797 3107 cum

85 3153 180 3193 versae
195 3136 294 3193 earnis
308 3137 470 3209 ingressus,
487 3138 676 3195 eouiirmabis
693 3139 864 3197 electionem
874 3158 919 3197 ea·
934 3124 954 3192 C
974 3164 989 3191 π
1006 3145 1226 3211 consecrantur,
1243 3140 1357 3212 inungi.
1373 3140 1432 3198 Nos
1447 3156 1526 3213 ergo,
1543 3140 1621 3211 quod
1637 3138 1680 3195 illi
1696 3139 1798 3197 deluo·
1853 3214 1858 3229 ι

90 3226 232 3282 nonieam
247 3227 283 3282 de
299 3241 425 3299 persona
449 3227 556 3284 idonea
571 3226 760 3299 celebratam,
777 3234 806 3285 et
820 3247 921 3302 perso·
977 3253 991 3281 π
1008 3234 1054 3285 rat
1065 3230 1269 3285 mundavimus
1281 3229 1310 3284 in
1323 3229 1387 3301 ipso
1398 3227 1541 3300 suppleri,
1552 3227 1691 3284 iacientes
1706 3232 1795 3301 caput

91 3331 162 3370 nam
178 3313 302 3371 electam
320 3313 350 3369 in
364 3314 538 3389 episcopum
550 3317 746 3374 consecrabis.
759 3323 811 3375 Pro
826 3318 920 3393 palleo
977 3342 990 3369 π
1007 3319 1072 3390 ejus
1087 3322 1116 3374 et
1131 3334 1237 3374 manus
1249 3335 1300 3390 per
1315 3319 1499 3374 uenerabilem
1521 3317 1641 3390 fratrem
1656 3307 1796 3384 nestrum,

91 3420 173 3469 vcro,
190 3405 312 3461 nuntios
325 3408 393 3461 tuos
408 3420 475 3461 cum
493 3406 605 3464 nuntiis
618 3408 746 3463 ecelesiae
758 3409 803 3464 eui
821 3415 920 3480 preest,
977 3431 991 3460 «
1001 3412 1149 3475 leoninam,
1164 3406 1359 3463 Albanonsem
1375 3407 1547 3479 episcopum
1564 3407 1614 3479 (s),
1629 3405 1794 3462 assistenti-

92 3494 128 3549 ad
144 3492 341 3566 apostolicam
352 3494 453 3550 sedem
465 3494 577 3567 miltes,
593 3512 704 3569 uosque
715 3496 788 3552 illud
801 3497 854 3553 tibi
871 3515 921 3569 per
977 3518 992 3552 ι
1007 3498 1062 3553 bus
1076 3497 1101 3554 ei
1111 3497 1227 3553 duobus
1239 3497 1396 3569 episcopis,
1406 3497 1569 3552 secundum
1582 3511 1694 3552 morem
1705 3495 1797 3552 eccla-

92 3598 142 3639 sos
159 3581 287 3639 libenter
301 3587 330 3639 et
344 3581 477 3640 hilariter
490 3584 737 3654 transmittemus,
753 3602 804 3658 per
818 3591 846 3643 te
861 3604 920 3643 me·
975 3611 988 3637 a
1007 3586 1170 3657 masticem,
1195 3602 1277 3642 sacro
1293 3585 1454 3642 chrismata
1473 3585 1614 3656 deliniri]
1640 3585 1699 3642 lloe
1717 3584 1797 3642 enim

91 3671 273 3744 tropolitano
302 3670 451 3745 episeopo,
477 3673 564 3744 juxta
593 3674 718 3731 lormam
753 3676 808 3732 sub
839 3675 920 3732 bulla
977 3676 1154 3732 acatholica
1168 3680 1248 3731 tenet
1263 3674 1402 3744 Ecclesia,
1418 3691 1476 3732 non
1493 3674 1588 3730 solum
1604 3690 1638 3730 ex
1653 3679 1798 3747 praeeeplo

90 3759 918 3833 nestrarecipies,selemnitereonlerendom;itatamen,
976 3789 990 3817 a
1006 3766 1116 3830 divino,
1132 3781 1234 3822 aarum
1260 3765 1348 3821 etiam
1372 3764 1571 3837 apostolorum
1602 3764 1748 3836 exemplo.
1764 3764 1796 3819 ln

88 3850 181 3921 quod,
198 3848 223 3905 si
238 3849 371 3921 legatum
394 3850 439 3909 vel
456 3852 592 3908 nuntium
611 3857 744 3909 nostrum
765 3855 919 3925 eontigerit
977 3877 987 3902 a
1007 3854 1104 3909 Exodo
1119 3855 1229 3926 quippe
1244 3853 1352 3925 legitur
1366 3853 1538 3926 praecepisse
1555 3853 1692 3909 Dominus
1708 3853 1797 3925 Moysi

90 3940 250 4010 interesse,
267 3939 296 3993 id
312 3955 379 3996 carm
404 3957 439 3996 eo
454 3941 564 4013 pariter
585 3944 765 4014 exsequaris,
784 3943 920 4001 Chriama
976 3965 988 3996 a
1007 3948 1039 3999 ut
1054 3949 1149 3999 Aaron
1163 3949 1192 3999 et
1208 3943 1284 4000 lilios
1295 3945 1359 4015 ejus
1374 3943 1540 4015 inungeret,
1551 3947 1697 4014 quatenus
1708 3943 1734 3999 ei
1750 3959 1797 4000 aa·

86 4030 203 4084 vereat
225 4027 919 4090 oleumcatechumanorumetinfirmorumsin-
976 4032 1135 4088 «cardolio
1174 4033 1378 4106 iungerentur.
1407 4034 1443 4089 ut
1470 4031 1638 4099 anacletus,
1678 4032 1797 4089 natione
1868 4028 1871 4033 '

85 4116 170 4189 gulis
186 4116 274 4174 nouis
290 4116 320 4174 in
347 4134 429 4175 caena
444 4118 573 4187 Domini,
589 4125 650 4176 tam
676 4120 705 4176 in
732 4121 854 4178 ecelesia
868 4127 920 4180 lac
975 4143 989 4170 α
1005 4124 1132 4191 Graeeua,
1152 4121 1203 4193 qui
1218 4139 1236 4177 a
1251 4122 1336 4179 beato
1359 4122 1443 4178 Petro
1459 4121 1515 4177 luit
1539 4121 1568 4176 in
1592 4121 1796 4192 presbyterum

87 4223 176 4282 quom
190 4206 221 4260 in
234 4206 359 4278 quolibet
374 4208 494 4264 Ecclesia
505 4210 606 4265 illectae
618 4211 667 4282 (6),
684 4209 917 4268 iterisceuodum
975 4231 988 4260 a
1006 4209 1170 4278 ordinatus,
1194 4219 1223 4267 ct
1242 4215 1345 4284 postea
1368 4212 1398 4266 ir
1415 4210 1597 4281 apostolatus
1621 4211 1717 4267 allicio
1732 4209 1797 4267 Gla·

85 4294 337 4355 eenauetudinem
353 4296 488 4353 Ecclesia
504 4299 917 4369 Romanacoucedimua,ut,
977 4299 1099 4356 «manti
1116 4299 1269 4369 suecessit,
1299 4300 1391 4356 tradit
1404 4300 1461 4372 (10)
1477 4301 1506 4355 ie
1536 4300 1720 4357 ordinatione
1743 4316 1799 4357 sua
1867 4288 1871 4293 ’

122 4439 163 4511 (6)
179 4438 261 4495 Gast.
276 4438 420 4508 Bulperlae
436 4454 520 4511 qaam
536 4440 652 4498 Bluciae.
975 4459 1036 4500 rem
1053 4442 1237 4516 diligentiam
1254 4443 1434 4500 addidimus.

124 4512 166 4594 (7)
183 4510 269 4567 adiu
283 4515 328 4566 est
340 4510 448 4583 sapius
463 4511 523 4567 base
553 4513 573 4567 Ε
596 4512 694 4569 istola.
712 4512 840 4586 Legitur,
866 4503 958 4570 aedll
1008 4516 1048 4586 (8)
1064 4518 1095 4571 lu
1112 4514 1265 4583 Decretul,
1287 4518 1459 4571 ltrueareuus
1483 4516 1628 4586 episeopus
1642 4514 1692 4586 qui
1702 4531 1712 4576 ,·
1727 4530 1796 4570 sura·

85 4581 205 4651 mutila,
220 4582 251 4638 in
279 4582 366 4638 tertia
391 4581 561 4639 collectione
576 4529 782 4651 lecratalium,
804 4590 833 4642 et
848 4585 916 4642 inde
969 4595 1040 4644 elam
1058 4603 1110 4659 pro
1125 4602 1232 4642 sueram
1246 4592 1275 4642 el
1289 4591 1437 4657 occeperat
1462 4602 1513 4658 pro
1527 4585 1792 4659 receperatlegunt,

84 4654 117 4711 in
136 4652 326 4737 Gregoriana,
339 4670 391 4710 nec
403 4671 460 4710 non
471 4654 500 4709 in
517 4656 915 4724 Innocentiunucollectiene,
970 4661 999 4715 et
1014 4658 1090 4714 intra
1102 4673 1187 4714 arua...
1207 4659 1462 4715 leuanomittunt.

85 4725 140 4782 lib.
157 4729 234 4808 1,)11.
254 4726 298 4791 15,
316 4726 352 4782 lle
365 4741 452 4782 sacra
466 4726 607 4795 unctione,
623 4744 686 4800 sap.
705 4729 802 4785 unico.
1004 4730 1043 4803 (9)
1057 4729 1196 4786 loannes.
1213 4732 1332 4785 natione
1349 4728 1573 4801 Langobardos,
1591 4729 1667 4786 tituli
1681 4730 1711 4799 S,
1728 4729 1795 4786 Cle·

122 4797 245 4869 Legitur
259 4796 385 4867 integre,
401 4797 452 4853 sed
469 4814 526 4853 non
548 4805 660 4871 atraque
676 4801 793 4857 mendis
809 4800 915 4873 aliqui·
970 4802 1078 4857 mantis
1092 4801 1243 4874 presbyter
1258 4818 1273 4856 a
1289 4802 1434 4857 Clemente
1445 4800 1498 4857 PP.
1522 4800 1559 4857 lll
1576 4806 1760 4873 assumptus,
1778 4819 1795 4857 a

83 4868 156 4937 bus,
174 4869 205 4925 in
221 4866 320 4951 Gestis
336 4867 509 4934 loncecutii,
527 4870 598 4941 filli.
969 4872 1126 4930 Caelestino
1143 4889 1210 4930 vere
1225 4873 1275 4944 111,
1291 4873 1416 4929 Viterbii
1433 4877 1502 4928 tune
1517 4874 1655 4946 temporis
1670 4873 1794 4955 degente

121 4939 371 4996 Bamdemetram
399 4941 664 5013 lereintegramot
683 4943 914 5000 emendatiorem
970 4961 1046 5000 anno
1076 4944 1155 5010 1193,
1185 4945 1342 5017 episcopus
1375 4943 1570 5000 Vitorbiensis
1602 4948 1795 5001 renuntiatus

82 5010 207 5069 exhibet
221 5011 403 5082 bernaldus,
421 5012 456 5066 ad
472 5029 584 5068 anuum
601 5014 680 5083 teet,
696 5017 710 5079 ,t
724 5016 769 5070 39.
969 5016 1076 5071 deinde
1091 5024 1143 5071 eat.
1156 5017 1289 5072 Ecclesiae
1307 5034 1365 5073 suaa
1381 5016 1511 5087 regimen
1526 5022 1646 5086 epereet
1660 5014 1794 5087 exemplo
1853 5026 1857 5033 “

120 5083 184 5140 Nos
199 5082 334 5138 numeris
350 5084 663 5140 omnibnsubsolotom
677 5103 709 5140 ex
721 5087 777 5141 lide
791 5102 913 5158 apogra·
969 5086 1157 5144 laurlubiliter
1180 5104 1296 5159 gerens,
1318 5087 1521 5144 Innocentium
1548 5087 1587 5142 lll
1611 5087 1793 5160 pontificem,

82 5154 137 5282 phi
152 5153 239 5211 conti
254 5154 452 5238 demus30otn
473 5156 501 5210 in
518 5155 696 5240 editionibus
716 5157 913 5241 Decretaliurn
968 5158 1115 5215 Caelestini
1132 5175 1344 5244 sueceasprem,
1359 5159 1481 5244 viterbii
1496 5158 1610 5231 excepit
1620 5175 1698 5216 anno
1711 5158 1792 5227 1198;

82 5225 712 5380 attitulatttta‘ttatf‘atllll
727 5236 915 5373 (11111111
968 5230 1792 5370 tittlttllrttlllttllttltttttttltltttttt

84 5366 268 5437 Raynaldus,
283 5368 406 5440 virgulis
420 5372 456 5425 aa
477 5371 592 5426 mitium
609 5371 754 5443 cujusque
773 5372 855 5429 linem
871 5373 911 5429 ai·
968 5373 1038 5429 lltlll
1067 5374 1224 5446 episeopus
1248 5376 1432 5432 albanensis.
1448 5376 1531 5430 Anno
1556 5374 1635 5443 1210,
1656 5378 1752 5431 Romae
1776 5389 1792 5427 o

83 5439 192 5511 gnatis
206 5438 342 5496 distincta
356 5448 437 5498 sunt.
453 5443 557 5498 Varias
573 5443 671 5512 etiam,
686 5449 715 5498 et
727 5444 817 5500 variis
833 5444 912 5500 codi-
968 5448 1028 5501 vita
1042 5447 1175 5502 excessit.
1202 5447 1317 5504 Oauera.
1335 5448 1370 5504 ud
1386 5448 1496 5504 Cineae.
1513 5450 1592 5502 Tem.
1607 5445 1627 5513 l,
1643 5446 1697 5503 eol.
1712 5444 1790 5501 1113.

86 5505 350 5579 cibns‚lectiones‚
377 5529 452 5585 quas
474 5515 509 5571 ad
526 5513 689 5583 marginem
708 5514 783 5571 uiuri
809 5516 867 5583 aui,
882 5515 912 5573 in
1003 5518 1059 5591 (lli)
1076 5517 1218 5587 anaclet,
1234 5536 1279 5592 cp.
1296 5526 1324 5574 2.

90 5595 152 5635 sua
165 5577 315 5641 Gestorum
330 5584 469 5659 editione,
480 5586 593 5644 notavit
608 5584 756 5659 baluzius,
768 5587 804 5644 ad
819 5589 913 5659 majo·
