3780 6000
81 264 136 323 823
555 261 765 320 mrtocttrtrtt
784 262 824 316 111
842 262 898 316 l’P.
916 258 1165 318 BRGRSTORUH
1182 262 1251 317 nte.
1272 261 1323 316 nt.
1744 254 1795 313 888

85 391 245 459 mandatis,
262 393 303 459 ut,
323 402 470 445 memores
484 385 648 444 devotionis
663 383 803 456 antiques,
819 398 908 455 qnam
923 384 950 451 Α
966 381 1149 451 nominabat,
1157 381 1494 456 statimquenominavit
1508 381 1538 438 in
1553 381 1730 438 Traeensem
1738 380 1797 453 epi-

86 479 351 554 Magdeburgensis
366 476 495 533 Ecclesia
515 493 572 532 non
589 474 685 531 solum
701 473 730 529 in
754 472 914 545 prosperis,
966 488 1090 543 scopum
1106 489 1261 544 personam
1287 474 1422 529 idoneem
1437 477 1467 528 et
1483 472 1655 540 discretam,
1680 471 1717 527 de
1739 486 1796 542 qus

86 571 289 629 verumetiam
306 560 914 637 inadversis,ergaliomanamEcclesiam,
966 563 1124 618 tractatum
1149 564 1244 617 iuerat
1259 562 1288 617 in
1313 561 1452 630 capituto,
1477 565 1625 616 cantorem
1651 557 1795 625 videlieet,

23 698 26 703 -
87 666 211 716 matrem
228 673 325 724 suam,
340 662 479 727 tanquam
493 651 708 722 tiliaspecialia,
719 651 850 707 noscitur
861 650 915 705 ba·
968 654 997 706 et
1011 649 1112 706 nullus
1123 652 1317 708 nominationi
1327 651 1506 706 contradixit
1516 651 1622 720 ipsius.
1635 649 1700 714 Ouo
1710 647 1795 718 lacto,

88 747 199 818 buisse,
213 748 240 802 in
256 763 290 802 aa
306 742 729 812 tirmsdevotionepersistent,
743 740 916 796 inducentes
969 746 1072 794 cantor
1096 741 1204 795 ductus
1218 747 1264 796 eat
1278 741 1314 796 nd
1339 740 1429 796 altare
1445 756 1511 796 cum
1536 739 1645 812 ltvmno
1661 738 1712 811 qui
1725 738 1798 794 solet

88 841 118 895 te
133 843 168 893 ad
184 836 314 891 eamdem
331 831 539 888 inviolabiliter
554 831 779 886 observandam.
970 827 998 882 in
1011 826 1204 885 electionibus
1215 829 1376 899 decantari,
1388 835 1427 894 et,
1441 830 1602 896 canonicis,
1612 830 1662 900 qui
1672 828 1797 884 eumdu-

126 927 231 982 Datnm
250 925 354 988 Roma,
372 924 449 994 apud
476 922 618 977 Sanctum
634 920 762 983 Petrum,
778 933 796 972 v
812 916 919 972 Kolen-
969 922 1073 972 xernnt
1089 935 1122 972 ae
1139 917 1799 991 altare,postmodumadcspitulumcumipse

91 1015 144 1073 das
159 1014 264 1080 Martii,
281 1011 481 1085 pontificatus,
499 1011 592 1065 nostri
607 1025 684 1064 anno
700 1024 786 1064 nono.
970 1005 1106 1077 reversis,
1121 1007 1222 1064 decem
1235 1007 1378 1076 canonici,
1391 1013 1533 1079 prasente
1544 1009 1667 1078 decano,
1679 1007 1799 1063 innova·

456 1147 543 1204 Xxffl
972 1109 1038 1150 vere
1047 1110 1225 1153 consensum
1235 1097 1594 1169 inpraiotnmonntorem
1606 1094 1801 1169 presentibus

99 1281 154 1298 .....
170 1258 269 1298 tesam
286 1256 379 1295 sancit
394 1253 528 1294 vtcronts
544 1251 719 1293 venusiensis
732 1233 851 1305 (125)...
871 1248 920 1287 os·

127 1347 199 1388 carto
212 1344 412 1386 suessionensi
424 1328 507 1398 (186),
523 1343 556 1382 nr
566 1342 691 1382 nsotrae
703 1341 731 1379 ιι.
750 1340 784 1378 os
801 1337 920 1390 nomon,

31 1422 34 1426 ’
129 1436 269 1476 οιιιιοιιιοο
285 1433 471 1473 noviomensi.

974 1183 1123 1253 omnibus,
1137 1191 1166 1242 et
1181 1186 1257 1243 iacto
1272 1202 1330 1242 non
1346 1185 1619 1242 contradicentibus
1629 1185 1802 1241 eorumdem

974 1281 1003 1333 et
1018 1275 1166 1331 adsedem
1183 1273 1374 1347 apostolicam
1391 1274 1590 1347 appellarunt,
1608 1272 1802 1331 nederetali·

975 1363 1333 1437 quidoontrselectionem
1345 1363 1490 1435 ipsorum,
1502 1368 1531 1419 et
1543 1363 1684 1435 posthae
1694 1378 1712 1419 a
1722 1362 1803 1436 cepi-

330 1527 335 1538 ,
381 1524 386 1535 ,
467 1525 473 1535 ‚
543 1523 549 1536 ,
701 1521 706 1532 ,
861 1515 867 1526 ,
906 1517 911 1529 ,
975 1453 1039 1510 tulo
1066 1458 1137 1509 sunt
1163 1453 1285 1525 egressi.
1314 1452 1481 1520 Praterea,
1506 1468 1541 1508 ex
1567 1451 1699 1510 cantoris
1727 1453 1802 1526 elus·

96 1528 214 1584 cmm
253 1523 400 1582 “mum''
427 1537 548 1592 ⁶9⁸⁰⁰9²
583 1522 719 1577 mmm
749 1519 820 1590 (¹²⁷)
856 1532 924 1588 Ῥω
976 1540 1804 1613 demobjectumluitcontredecanum,qnodaitSimu·

430 1595 590 1650 mmmmm
739 1697 744 1708 ι
774 1697 778 1706 Ι
979 1630 1091 1696 niseus,
1112 1627 1279 1696 illiteratus,
1302 1629 1586 1697 excommunicatus,
1610 1634 1640 1685 et
1663 1628 1802 1688 elaudns.

206 1703 299 1775 (Apud
324 1703 354 1757 S·
372 1707 502 1768 Pellumv
527 1716 574 1754 Ην
587 1697 650 1754 14⁸¹·
677 1695 819 1768 limum)
939 1717 1049 1816 BPurs
1066 1734 1132 1774 vero
1147 1718 1251 1774 decani
1269 1725 1371 1773 eontra
1387 1734 1544 1790 personam
1560 1719 1692 1775 centoris
1712 1719 1808 1775 noluit

136 1818 327 1876 Venientibus
344 1833 438 1888 nuper
452 1817 486 1872 ad
504 1813 693 1886 apostolicam
710 1813 808 1868 sedem
823 1827 926 1883 procu·
980 1808 1120 1880 quidnam
1137 1823 1282 1879 opponere
1293 1824 1391 1863 corum
1402 1808 1497 1870 nobis,
1512 1810 1563 1864 sed
1575 1809 1630 1864 boc
1652 1807 1711 1864 sibi
1725 1809 1810 1880 petiit

104 1909 252 1965 caloribus
266 1908 438 1962 dilectorum
452 1901 926 1973 liliorum...deeani(l·28)...can·
980 1897 1131 1960 reservari,
1151 1900 1192 1962 ut,
1218 1895 1243 1951 si
1270 1896 1341 1952 toret
1366 1912 1496 1963 neccsse,
1522 1902 1621 1969 posset
1644 1913 1809 1970 proponere

103 1997 177 2055 toris
190 1996 390 2061 Trecensium,
409 2011 458 2065 pro
474 1993 665 2050 electionibus
680 2008 744 2062 quas
756 1990 927 2046 assereban·
980 1990 1154 2041 cortracum
1168 1986 1212 2051 ;in
1225 1986 1612 2042 consistoriotamennostro
1624 1987 1681 2041 tuit
1692 1985 1810 2058 publice

102 2093 151 2145 tur
167 2092 246 2143 t'netoe
258 2088 293 2142 de
310 2085 381 2156 ipsis
396 2085 459 2154 (129
470 2086 489 2153 .)
505 2083 685 2139 audientiam
702 2080 731 2136 in
750 2077 928 2136 consistorio
982 2091 1046 2144 pars
1061 2074 1193 2146 ejusdem
1219 2073 1320 2130 decani
1336 2081 1480 2145 contessa,
1497 2076 1652 2147 predictae
1677 2075 1810 2146 appella·

104 2182 204 2233 nostro
230 2175 368 2229 duximus
391 2173 619 2241 concedendam,
647 2171 694 2225 ubi
713 2170 767 2224 luit
788 2184 822 2223 ex
847 2174 929 2238 parte
981 2165 1076 2221 tiones
1092 2165 1184 2220 luisse
1199 2166 1304 2230 luctas,
1321 2166 1398 2221 sieut
1412 2167 1550 2237 superios
1564 2173 1609 2222 est
1624 2182 1811 2239 expressum,

102 2265 205 2321 decani
219 2264 413 2336 propositum,
426 2261 514 2333 quod,
530 2277 597 2315 tium
609 2265 753 2314 tractatus
767 2258 794 2312 in
807 2255 930 2311 eeclesia
982 2259 1011 2309 et
1025 2252 1201 2308 scrutinium
1228 2253 1317 2310 luisse
1333 2254 1441 2309 lactum
1457 2271 1525 2311 cum
1550 2255 1700 2318 omnibus.
1716 2254 1811 2311 tribus

102 2354 236 2410 'trecensi
252 2352 504 2408 dcsubstitucoda
518 2350 635 2405 deberet
646 2348 781 2418 puntitlce
789 2344 931 2401 celebrari
983 2341 1247 2415 tantnmexceptis,
1261 2343 1310 2415 qui
1320 2342 1516 2399 nolueruntsd
1524 2344 1701 2400 scrutinium
1711 2344 1812 2401 venire

103 2447 133 2499 et
148 2448 266 2515 propter
289 2442 342 2496 lion
356 2440 487 2496 cononici
501 2441 608 2511 sapius
628 2437 843 2503 convenissent,
866 2436 932 2505 post
982 2429 1087 2498 vocati,
1103 2431 1238 2486 videlicet
1252 2434 1358 2487 Attone
1372 2431 1521 2488 etlusnna
1537 2433 1690 2499 iratribus,
1701 2439 1733 2489 et
1743 2449 1814 2489 can-

104 2530 231 2588 multom
249 2535 404 2584 tractatum
423 2528 490 2583 binc
506 2528 573 2583 inde
590 2526 722 2581 habitum
739 2525 933 2589 intermanet
984 2526 1057 2585 tora,
1073 2519 1150 2574 sicut
1165 2520 1314 2576 decretum
1331 2522 1524 2588 jamdictum,
1538 2539 1588 2592 pro
1605 2521 1717 2578 decano
1729 2524 1814 2578 nobis

105 2618 336 2676 examinationes
350 2618 437 2672 etiam
455 2618 648 2680 voluntatum,
662 2613 755 2682 major
771 2628 836 2682 pars
847 2625 932 2665 oeno·
985 2609 1126 2674 oblatum,
1142 2609 1291 2664 evidenter
1306 2611 1444 2665 ostendit.
1462 2610 1533 2676 Quia
1549 2610 1642 2682 igitur
1658 2611 1746 2667 nobis
1758 2628 1813 2667 non

107 2708 239 2764 nieorum
255 2712 283 2761 et
298 2706 397 2761 sanior
412 2704 546 2760 convenit
558 2700 775 2758 unanimiterin
788 2703 932 2755 decanum
985 2696 1118 2752 constitit
1134 2699 1169 2753 de
1186 2697 1358 2769 premissis,
1384 2706 1422 2762 et,
1438 2700 1601 2755 secundum
1627 2700 1814 2771 Apostolum,

108 2795 390 2866 etelegiteumdrm,
402 2793 667 2860 statim·1uesedt=m
680 2789 869 2860 apostolicam
882 2805 931 2858 np-
987 2803 1093 2843 manus
1109 2788 1293 2844 tueminioito
1308 2789 1701 2860 debetimponi,diseretioni
1714 2799 1816 2849 vestras

109 2884 238 2959 pellavit,
255 2885 330 2940 sicut
344 2884 372 2938 in
386 2885 502 2938 decreto
517 2881 688 2954 eligentium
701 2879 876 2935 continetur.
894 2877 933 2931 lix
987 2892 1038 2948 per
1053 2877 1215 2947 apostolica
1230 2878 1340 2949 scripta
1356 2880 1544 2945 mandamus,
1568 2889 1726 2950 quatenus,
1743 2882 1817 2939 inira

109 2982 192 3047 parte
215 2990 281 3029 vero
306 2973 435 3030 cantoris
460 2973 514 3026 luit
536 2970 718 3042 propositum
745 2985 776 3023 ei
800 2968 932 3032 adverso,
987 2972 1115 3036 quotuor
1130 2973 1324 3038 mensespost
1339 2967 1534 3039 receptionem
1548 2969 1817 3039 presentium,non

109 3063 186 3134 quod
204 3064 239 3117 ad
257 3062 423 3129 eligendum
440 3059 610 3132 episcopum
626 3059 672 3114 die
684 3062 793 3113 statuta
802 3054 936 3111 convenit
991 3053 1084 3109 solum
1101 3056 1243 3126 superbis
1255 3056 1496 3126 intormajudicii
1521 3058 1719 3114 verumetiam
1732 3075 1817 3132 super

109 3144 934 3224 capitulum,attuncmagisterlosbertusappellationem
992 3143 1137 3214 aliisque
1154 3143 1196 3199 vel
1212 3145 1331 3211 electos,
1348 3145 1390 3200 vel
1406 3146 1562 3201 electiones
1576 3148 1765 3220 contingunt,
1779 3147 1819 3202 in·

109 3241 286 3312 interposuit
296 3240 324 3295 iu
335 3240 413 3295 bunc
423 3240 594 3303 modum,nc
605 3235 829 3292 videlicetlleret
838 3234 941 3290 electio
993 3234 1118 3305 quiretis
1132 3250 1181 3303 per
1191 3250 1241 3288 vos
1250 3234 1329 3305 ipsos
1338 3235 1373 3289 de
1386 3232 1817 3307 planodiligentissimeverite·

112 3329 156 3386 vel
174 3330 346 3386 nominatio.
360 3329 416 3384 nisi
430 3328 571 3383 canoniea
588 3327 671 3395 toret,
688 3326 712 3380 ei
728 3340 860 3392 concors,
877 3326 942 3394 post
992 3331 1061 3392 tem,
1077 3329 1115 3386 et,
1131 3321 1155 3378 si
1173 3328 1269 3395 partes
1282 3323 1494 3389 consenserint,
1512 3326 1546 3378 ad
1563 3325 1743 3381 sententiam
1755 3342 1817 3397 pro·

110 3435 198 3492 qnam
222 3417 451 3490 appellationem
471 3431 575 3472 omnes
600 3416 628 3470 in
646 3414 784 3470 dilectum
806 3413 937 3468 illium...
992 3413 1113 3477 cedatis,
1129 3411 1181 3476 ita,
1197 3415 1286 3483 quoti,
1302 3411 1360 3467 nisi
1375 3420 1476 3469 contre
1489 3413 1659 3484 pradictum
1673 3413 1817 3469 decanum

111 3505 320 3565 cannellarium
337 3505 513 3576 Campaniae,
526 3508 736 3567 convenerunt,
751 3500 886 3573 quoeltgi
897 3515 941 3556 re·
994 3501 1079 3556 luerit
1104 3500 1285 3557 sufficienter
1308 3515 1470 3567 ostensum,
1493 3504 1569 3573 quod
1593 3503 1633 3557 sit
1657 3504 1820 3559 enormiter

114 3599 234 3661 nuente,
249 3592 411 3665 capitulum
424 3594 532 3655 denuo,
544 3591 590 3646 die
605 3592 663 3646 alia
674 3591 808 3646 electioni
819 3595 940 3657 statuta,

113 3685 258 3746 convenit,
282 3686 321 3748 et,
338 3683 439 3737 eadem
456 3681 502 3736 dic
517 3680 667 3736 canonicis
683 3681 710 3734 in
726 3678 855 3750 capitulo
870 3695 939 3734 con·

115 3772 255 3846 gregatis,
272 3770 371 3826 habite
387 3770 443 3824 luit
459 3770 568 3825 mentio
579 3771 614 3824 de
628 3775 756 3832 cantore,
769 3768 881 3832 multis,
894 3783 942 3823 ne·

992 3591 1127 3655 claudus,
1140 3589 1182 3644 vel
1196 3590 1409 3647 insufficienter
1420 3591 1579 3659 litteratus,
1594 3591 1822 3648 eutSimoniscs

993 3680 1058 3734 taba
1075 3678 1215 3751 pollutus,
1231 3679 1401 3734 electionem
1416 3681 1597 3735 contirmvtis
1610 3680 1716 3751 ipsine,
1732 3697 1821 3753 quant

992 3769 1282 3839 constatapluribus
1293 3769 1518 3840 etdignioribus
1528 3769 1718 3834 celebratam,
1734 3771 1821 3827 dum·

114 3858 698 3930 minoeontradicentc,dicentibus,quod
711 3857 941 3930 ndepiscopatus
993 3856 1159 3914 modonibil
1172 3856 1385 3913 alintlobsiatat
1397 3859 1432 3912 dc
1442 3859 1593 3914 canonicis
1606 3859 1763 3927 institutis,
1775 3876 1823 3916 ex·

114 3950 244 4022 regimen
262 3949 356 4004 bonus
371 3955 458 4016 esset,
478 3945 625 4019 nullisque
636 3947 830 4003 tractantibus
846 3945 881 4000 dc
892 3946 941 4000 de·
993 3945 1745 4018 communicationisobJ'ectunequaquatnobstante,
1756 3964 1823 4005 eum

114 4056 198 4097 cano.
217 4040 293 4094 inter
316 4036 376 4092 hac
393 4037 501 4108 itaque,
518 4036 648 4091 decanus
668 4034 757 4090 otium
774 4033 941 4105 appellavit,
993 4053 1051 4092 non
1068 4035 1184 4108 possint
1199 4039 1225 4091 ei
1250 4037 1582 4093 excommunicationem
1608 4037 1750 4110 objicere,
1775 4037 1825 4110 qui

115 4123 942 4195 nadcretnominatio,nisiordineobserveto.quidebet
993 4125 1251 4181 coit-municsbant
1276 4125 1382 4189 cidem,
1407 4126 1462 4180 nisi
1487 4126 1557 4182 forte
1579 4128 1771 4198 probaverint
1794 4140 1825 4182 se

114 4217 145 4274 in
162 4215 272 4273 talibus
296 4213 456 4281 observari,
479 4230 545 4272 cum
570 4213 663 4286 prima
687 4229 741 4269 vox
770 4211 942 4269 nominandi
995 4220 1096 4286 postca
1107 4213 1256 4279 didicisse,
1268 4214 1345 4284 quod
1361 4214 1422 4285 ipse
1434 4221 1504 4270 tunc
1515 4225 1575 4271 erat
1586 4216 1823 4271 excommunica·

115 4310 194 4363 esset
216 4304 322 4376 ipsius.
342 4303 460 4371 Deinde,
483 4308 586 4360 cantor
600 4302 706 4359 obtulit
719 4303 828 4358 decano
848 4302 941 4358 bonos
993 4302 1082 4357 tionis
1106 4301 1223 4357 vinculo
1239 4302 1397 4357 innodatus
1409 4319 1416 4368 ;
1429 4305 1452 4357 si
1470 4320 1536 4359 varo
1555 4305 1710 4377 probatum
1739 4303 1825 4360 luerit

117 4393 196 4449 viroe
211 4390 414 4466 quamplures,
438 4396 496 4447 tam
514 4392 549 4448 de
563 4393 628 4464 ipse
648 4391 772 4448 ecclesia
793 4407 882 4464 quam
907 4393 942 4446 de
993 4397 1096 4447 eontra
1112 4391 1209 4462 ipsum
1226 4389 1338 4462 aliquid
1356 4391 1571 4463 predictorum,
1588 4409 1649 4460 vus,
1662 4391 1826 4466 ipsiusele·

117 4481 183 4538 eliis
195 4487 420 4536 ntunussorum
433 4480 461 4536 in
475 4482 646 4553 episcopum
658 4480 815 4549 eligeretur
826 4478 942 4551 abipsis
956 4463 980 4530 l)
994 4479 1090 4536 ctione
1105 4486 1230 4545 cassato,
1246 4485 1459 4550 consequenter
1474 4481 1604 4538 audiatis
1615 4497 1743 4554 qutepro
1756 4497 1825 4539 ean·

118 4566 772 4641 qttornmlnultumassumerevoluit.veletinm
782 4567 940 4622 nominare.
997 4573 1069 4632 tore,
1085 4569 1130 4626 vol
1155 4572 1257 4624 contra
1276 4574 1437 4639 cantorem,
1465 4578 1615 4642 proposita
1639 4569 1761 4633 luerint,
1785 4575 1825 4638 et,

86 4726 89 4731 Ι
118 4662 205 4721 Sane,
221 4659 291 4711 ttoni
310 4657 379 4712 tolia
395 4661 601 4722 tractarentur,
614 4659 675 4725 jum
692 4657 787 4712 dietus
802 4656 943 4727 magister
996 4655 1087 4713 Deum
1104 4656 1246 4712 babentes
1258 4674 1314 4726 pre
1335 4657 1440 4725 oculis,
1455 4659 1532 4730 qood
1549 4659 1724 4714 canonicum
1738 4657 1826 4716 tuerit

118 4743 942 4816 lobertosexinsperatosurrexit,ipsumquedeoenum
996 4747 1142 4801 statuatis.
1168 4745 1248 4810 Quod
1265 4745 1289 4800 si
1315 4751 1436 4814 utreque
1461 4749 1549 4802 luerit
1572 4747 1675 4803 electio
1698 4747 1735 4803 de
1756 4747 1826 4819 jure

118 4833 282 4906 impetuose
296 4832 502 4904 inepiscopum
516 4833 687 4898 nominavit,
699 4849 756 4905 quo
767 4832 811 4886 vix
823 4833 943 4888 finiente
997 4842 1122 4900 cessata,
1146 4850 1196 4888 vos
1213 4850 1246 4888 ex
1272 4839 1353 4904 parte
1369 4840 1468 4890 nostru
1494 4835 1638 4891 'irecense
1658 4835 1823 4908 capitulum

119 4939 296 4991 sermonem,
322 4921 494 4978 surrexit...
520 4921 657 4977 cellerius
683 4920 886 4985 Senonensis,
913 4927 943 4978 et
997 4923 1139 4978 moneatis
1157 4926 1325 4992 prudenter,
1338 4929 1367 4978 et
1381 4923 1538 4980 etdcaciter
1553 4924 1825 4996 inducatis,utper·

118 5013 200 5082 dixit,
217 5011 294 5083 quod
310 5009 386 5067 mels
403 5010 526 5067 iaciebat
537 5011 600 5083 ipse
616 5011 765 5083 magister,
782 5011 830 5084 qui
849 5027 944 5080 perso·
996 5012 1653 5085 soriamidoneamquatantocongrnatoneri
1665 5018 1694 5068 et
1706 5013 1823 5069 bonori.

119 5116 199 5169 nam,
213 5103 250 5156 do
268 5118 327 5172 qua
350 5104 506 5155 tractatum
532 5115 589 5154 non
604 5100 707 5169 luerat,
723 5100 752 5179 in
770 5117 940 5172 episcopum
997 5116 1049 5172 per
1061 5097 1234 5154 electionem
1251 5100 1826 5159 canonicamcommunitereteoncordi·

169 5226 227 5293 125)
243 5224 315 5279 Vola
328 5223 483 5295 epistolum
501 5224 568 5280 libri
585 5223 660 5280 sexti
677 5225 737 5289 188,
756 5228 817 5279 not.
997 5227 1084 5280 tescit
1098 5224 1127 5280 in
1147 5226 1352 5281 instrumentis
1371 5227 1407 5281 ab
1420 5243 1497 5282 anno
1514 5228 1592 5292 1205,
1610 5228 1754 5299 usquead
1771 5244 1827 5285 sn·

170 5298 229 5363 1211)
244 5296 318 5351 Vide
333 5296 488 5366 epistolam
504 5295 570 5351 libri
586 5297 679 5352 octavi
696 5298 757 5363 188,
774 5300 834 5351 not.
998 5313 1069 5353 num
1085 5298 1163 5352 1210.
1180 5296 1242 5354 coti
1270 5297 1369 5353 Christ.
1388 5312 1440 5353 riou
1465 5304 1537 5354 tom.
1553 5299 1615 5364 llll,
1630 5299 1686 5356 col.
1700 5298 1766 5356 528.

172 5368 229 5436 127)
246 5368 372 5424 Vacabat
382 5367 572 5424 Tracensium
584 5369 668 5423 saites
684 5384 734 5437 pur
748 5366 860 5423 obitum
872 5365 942 5423 Gar·
1031 5367 1107 5439 (129)
1122 5370 1303 5425 Contereada
1316 5370 1436 5424 omnino
1452 5370 1511 5425 hau
1528 5370 1689 5427 innoeeottt
1699 5370 1827 5442 epistole

121 5439 246 5568 litte
260 5438 814 5582 illitititilltlittitltitii
828 5438 860 5495 ¹⁴
870 5442 944 5511 Al*
997 5440 1826 5590 albitetitilletstttlltdllttt's

250 5555 257 5574 ι
739 5550 746 5574 ι
816 5551 822 5566 ·
1172 5553 1180 5576 v
1261 5553 1267 5565 ·
1349 5555 1357 5582 2
1423 5553 1429 5567 ·
1503 5559 1508 5584 ‚

159 5583 234 5654 (128)
248 5586 276 5639 Μ
288 5582 328 5640 llo
344 5584 354 5638 l
369 5584 403 5638 tte
418 5582 539 5654 depello,
555 5583 683 5640 decanus
698 5581 851 5640 Trecentis
863 5581 945 5639 inno·
997 5583 1148 5640 trecensis
1163 5581 1313 5640 electione.
