3780 6000
95 216 151 275 eea
591 210 1223 281 sounrnrcanusauuovm,cnmsr1
1244 215 1324 270 raus.
1454 178 1457 185 ’
1759 228 1813 287 002

97 343 245 418 qnoniam
256 343 442 419 productioni
453 343 573 400 testium
585 360 602 400 a
612 346 717 397 neutra
727 343 808 412 parte
820 354 928 394 reuun·
945 338 972 406 Α
987 337 1090 411 misso,
1105 342 1215 397 temere
1235 339 1425 413 celebratam,
1441 343 1533 415 illem,
1550 347 1683 422 exigente
1695 354 1814 424 justitia

97 433 210 491 tiatum
227 435 319 491 luisse
330 434 500 500 didicimus,
512 451 571 488 non
585 433 786 489 attestationes
798 433 932 500 receptas
986 444 1044 484 non
1061 427 1199 486 duximus
1213 430 1438 498 admittendam,
1454 433 1586 492 dolentes
1598 454 1649 510 pro
1664 444 1691 495 te
1703 445 1811 514 pariter

98 522 189 580 vobis
203 522 322 579 clausas
332 522 522 590 remittimus,
535 520 729 577 nibilominus
741 521 931 591 injungentes
985 521 1014 573 st
1029 534 1080 589 pro
1094 517 1167 588 ipso,
1183 520 1260 587 quod
1274 521 1310 576 ad
1327 522 1553 591 postulationem
1566 525 1738 599 hujusmodi
1753 550 1807 589 non

98 612 181 684 quod
193 604 931 684 prslatumepiscopumsecundumlormavultccls·
984 612 1076 663 estes
1094 609 1179 662 modo
1197 625 1379 680 processum,
1397 615 1429 667 ut
1452 629 1516 668 eam
1534 618 1698 673 secundum
1716 620 1807 678 Deum

99 702 151 758 eise
171 702 209 758 ab
235 700 547 758 excommunicationis
564 699 679 756 vinculo
703 697 876 763 absolvatis,
901 699 931 751 et
984 696 1146 767 approbare
1163 714 1325 768 possemus.
1342 698 1496 757 Monemus
1513 702 1605 775 igitur
1624 709 1809 767 serenitatem

101 790 256 864 recipiatis
271 797 371 858 testes,
386 808 461 862 quos
477 795 600 862 utraque
615 807 681 863 pars
695 786 809 844 duxerit
826 785 930 858 produ·
984 790 1064 842 tuam
1090 797 1118 842 et
1137 788 1327 847 exhortamur
1351 791 1502 861 attentius,
1527 801 1674 866 quatenus
1699 798 1727 853 iu
1755 799 1809 857 buc

101 880 226 948 nendos,
240 896 365 951 quorum
377 879 688 959 attestationibusuno
703 893 770 933 cum
783 873 929 949 prioribus
984 894 1041 934 non
1056 876 1216 937 voluntatis
1230 887 1335 938 nostrae
1348 883 1562 954 duritiam,sed
1580 889 1728 946 canonice
1740 908 1809 948 san-

99 969 279 1042 publieatia,
291 985 411 1026 causam
425 968 579 1040 diligenter
589 967 762 1023 examinare
771 967 891 1036 curetis,
901 967 945 1021 et·
983 967 1088 1024 ctionis
1103 985 1258 1025 censuram
1268 973 1415 1040 attendas,
1431 989 1520 1045 quam
1537 973 1601 1031 sine
1612 993 1807 1049 personarum

99 1073 182 1125 eam,
199 1058 318 1115 sublato
332 1058 493 1130 cujuslibet
503 1055 745 1113 contradictionis
759 1061 788 1111 et
798 1054 927 1128 appella·
982 1055 1150 1128 acceptione
1173 1075 1290 1116 servare
1304 1060 1452 1128 volumus,
1478 1070 1509 1118 ut
1525 1063 1678 1134 debemus,
1692 1083 1759 1124 cum
1777 1070 1807 1126 iu

96 1147 192 1203 tionis
205 1145 370 1218 obstaculo,
383 1146 770 1213 tinccanonieoterminare3
787 1145 925 1216 ito,quod
982 1161 1072 1202 manu
1088 1154 1189 1203 nostra
1215 1165 1273 1204 uun
1289 1149 1394 1206 debeat
1407 1166 1472 1206 esse
1494 1153 1609 1222 pondus
1628 1160 1659 1211 et
1679 1158 1808 1228 pondus,

97 1234 688 1309 siiegitimevobisconstiterit,predicta
700 1232 926 1290 bona'lulleusis
981 1234 1067 1306 qussi
1085 1234 1113 1290 in
1137 1240 1246 1292 statera
1265 1236 1385 1307 dolosa;
1412 1239 1542 1296 sciturus
1555 1259 1607 1314 pro
1633 1249 1712 1301 certo
1729 1250 1807 1317 quod

94 1324 236 1382 Ecclesiae
249 1341 301 1398 per
311 1324 427 1396 cuipam
439 1324 534 1397 ipsius
547 1323 675 1396 episcopi
685 1321 812 1378 alienata
824 1322 925 1388 luisse,
980 1338 1091 1395 preces,
1108 1341 1181 1397 quas
1197 1327 1283 1382 nubis
1298 1328 1458 1383 secundum
1477 1333 1567 1385 Deum
1582 1332 1701 1389 duxeris
1714 1337 1806 1408 porri-

95 1413 132 1472 ab
150 1414 255 1471 eadem
269 1412 394 1470 ecelesia
409 1430 476 1469 eum
493 1429 627 1469 amovere
642 1412 761 1468 curetis.
775 1411 924 1484 Alioquin,
978 1414 1101 1485 gendes,
1117 1414 1211 1487 parati
1227 1432 1332 1471 sumus
1347 1417 1505 1474 ellicuciter
1515 1421 1663 1477 exaudire.
1681 1422 1721 1478 Ne
1737 1441 1804 1481 veru

93 1520 164 1562 cnm
182 1503 219 1560 de
234 1501 478 1574 alienationejam
494 1506 617 1572 constet,
630 1499 925 1574 quamvisidemepi·
978 1502 1189 1575 strigoniensis
1215 1503 1340 1561 Ecclesia
1355 1504 1480 1563 ulterius
1498 1515 1646 1564 remaneat
1662 1510 1803 1581 desolata,

94 1609 192 1666 copus
203 1591 321 1666 culpam
340 1592 477 1648 retundat
492 1592 521 1647 in
538 1590 621 1664 alios,
637 1590 707 1664 quia
722 1595 819 1647 tamen
836 1606 926 1663 super
978 1592 1168 1665 strigoniensi
1184 1594 1313 1667 capitulo
1329 1611 1380 1667 per
1395 1601 1513 1652 nostrae
1528 1597 1758 1657 dsmuslitteras
1774 1604 1802 1657 in

96 1681 155 1739 boc
164 1681 356 1738 vehementer
371 1682 491 1736 habitus
506 1686 549 1737 est
569 1689 735 1752 suspectus,
750 1685 779 1735 et
798 1680 926 1754 graviter
939 1702 964 1770 Β
978 1681 1134 1751 mandatis,
1159 1686 1192 1737 ut
1207 1684 1241 1737 ad
1259 1682 1473 1755 providendum
1494 1684 1550 1740 sibi
1577 1690 1723 1758 pastorem
1739 1689 1802 1744 ido-

96 1771 274 1841 lniamatus,
290 1771 493 1843 purgationem
510 1771 565 1842 ipsi
581 1771 750 1826 canonicam
765 1769 922 1837 iudicatis;
981 1786 1080 1836 neum,
1090 1769 1315 1843 perelectionem
1326 1773 1512 1839 canonicum,
1523 1774 1567 1830 vel
1577 1776 1802 1847 postulationem

95 1860 244 1919 attentius
267 1861 422 1934 provisuri,
446 1865 488 1931 ut,
512 1860 537 1916 si
562 1861 658 1916 dictus
681 1860 836 1932 episcopus
859 1863 924 1929 post
978 1860 1164 1925 concordem,
1177 1858 1320 1932 requisito
1332 1861 1803 1934 suffraganeorumassensu,side

95 1949 414 2007 excommunicationis
432 1948 607 2005 senteutiam
624 1949 654 2004 in
669 1965 701 2005 se
715 1947 805 2004 latam
822 1949 922 2005 divina
977 1949 1099 2020 antiqua
1121 1951 1280 2020 approbata
1294 1953 1508 2007 consuetudine
1524 1953 1579 2008 luit
1594 1954 1802 2026 requirendus.

93 2039 404 2112 presumpsittsmere
414 2038 570 2107 celebrare,
580 2037 650 2111 quia
660 2044 859 2109 contemptum
871 2039 921 2094 ad·
975 2037 1052 2093 inira
1062 2053 1193 2094 mensem
1206 2043 1273 2110 post
1282 2039 1498 2112 susceptionem
1511 2040 1674 2098 litterarum
1692 2048 1803 2100 nostra·

88 2128 192 2202 iunxit
214 2128 397 2201 contemptui
413 2129 447 2184 ad
473 2129 689 2186 enervationem
714 2128 919 2185 ecclesiastice
976 2143 1042 2183 rum
1056 2127 1213 2199 procedere
1229 2144 1286 2182 non
1304 2133 1491 2201 postponant.
1517 2129 1666 2203 Alioquin,
1683 2136 1801 2200 extunc,

93 2217 271 2292 disciplinae,
288 2234 337 2274 vos
350 2234 417 2274 eum
434 2235 450 2272 s
466 2217 626 2289 pontitlcsli
642 2217 737 2275 otiicio
753 2217 917 2290 deponatis.
975 2232 1010 2272 ne
1026 2215 1107 2288 gregi
1125 2215 1276 2271 ltuminico
1292 2215 1342 2272 diu
1358 2218 1433 2274 desit
1443 2235 1513 2275 cura
1529 2220 1670 2291 pectoris,
1686 2221 1720 2275 ad
1734 2237 1800 2293 pro·

92 2307 306 2365 Testeesutem
322 2308 489 2380 qurlucrint
502 2306 837 2380 nominati,sisegratia,
851 2305 917 2363 odio
972 2304 1132 2360 ridendum
1150 2304 1242 2359 eidem
1260 2303 1395 2360 Ecclesia
1412 2311 1558 2378 pastorem
1575 2307 1713 2364 idoneum
1732 2325 1799 2380 pro·

91 2395 135 2453 vel
151 2397 259 2452 timore
275 2395 486 2465 subtraxerint,
504 2413 724 2468 percensuram
740 2395 917 2452 ecclesiasti·
972 2395 1121 2458 cedemus,
1133 2384 1297 2448 secuudum
1309 2393 1396 2449 oiileii
1409 2397 1501 2452 nostri
1511 2397 1643 2452 debitum
1660 2413 1694 2452 ex
1705 2397 1798 2469 pleni-

91 2491 312 2555 eam,cessante
321 2485 527 2559 appellatione.
543 2487 655 2558 cogatis
667 2484 779 2542 veritati
790 2485 919 2543 testimo·
971 2481 1074 2538 tudine
1099 2480 1265 2554 apostolica
1289 2483 1463 2555 potestatis;
1486 2484 1516 2540 in
1542 2502 1621 2558 quo,
1651 2490 1795 2556 quantum

90 2575 177 2632 nium
201 2574 355 2648 perbibere
371 2599 379 2633 z
395 2573 608 2631 nullistitteris
633 2578 735 2647 preter
760 2591 916 2632 assensum
971 2586 1039 2628 eum
1062 2570 1215 2627 honestate
1239 2576 1341 2627 nostra
1365 2573 1538 2643 poterimus,
1555 2579 1606 2630 tuo
1630 2575 1796 2632 deferemus

91 2664 224 2739 partium
251 2663 450 2735 obstantibus,
465 2669 519 2720 etc.
543 2665 625 2731 Quod
649 2665 674 2720 si
696 2680 752 2720 non
778 2680 915 2723 omnes...
971 2660 1087 2717 honori.

91 2755 151 2811 duo
166 2758 307 2824 vestrum,
321 2758 376 2810 etc.
1007 2751 1123 2822 Datum,
1139 2765 1189 2807 vsu
1205 2748 1347 2807 Kalendas
1357 2750 1441 2807 tutti.

126 2843 247 2913 ilatum,
264 2847 321 2898 etc.
337 2840 463 2912 septimo
478 2840 573 2898 ldusJ
577 2840 650 2897 unii.
1263 2840 1404 2899 LXXXIX
1418 2842 1501 2911 (367).

368 2931 531 2990 LXXXVlll
545 2933 643 3003 (366·).
972 2947 1082 2998 nascar,
1098 2947 1302 2988 aususausus
1325 2947 1486 2989 noaevrams
1503 2949 1617 2990 esacrae
1636 2948 1797 2990 saramania

279 3037 413 3091 sanaem,
429 3037 541 3078 ooramo
557 3037 723 3079 uuuoaarm.
1282 3018 1318 3058 Μ
1334 3020 1482 3061 vestouo.

84 3110 300 3168 messmam
321 3110 413 3192 effert,
428 3126 478 3165 cur
501 3112 592 3181 cipro
609 3114 749 3182 postumio
774 3072 950 3169 camme
969 3095 1074 3166 Recipit
1097 3109 1142 3150 eor
1155 3094 1206 3150 aab
1228 3093 1406 3164 protectione,
1421 3110 1592 3151 camerave
1611 3094 1795 3151 centaurica

123 3180 327 3253 antiepiscopo
340 3198 370 3236 m
381 3182 599 3250 strigoniensem
608 3184 844 3256 orcttepircopum
856 3201 912 3241 mc·
1287 3165 1364 3222 ‘’biti‘'
1378 3168 1468 3222 aurei.

123 3268 188 3309 rem
200 3265 355 3322 nauperes,
375 3252 519 3326 otiumque
533 3254 602 3323 eiipr'
609 3254 697 3326 jubet.
1270 3255 1312 3325 (ru
1331 3255 1370 3310 ld.
1386 3255 1488 3325 lunii.)

383 3343 441 3413 (vm
460 3342 518 3398 llal.
531 3342 624 3414 iulii.)
1002 3344 1080 3400 solet
1095 3359 1234 3410 annuere,
1249 3347 1303 3398 etc.
1321 3344 1493 3416 llapropter,
1509 3343 1607 3400 dilecti
1618 3343 1648 3398 iu
1664 3340 1789 3399 Domino

123 3431 213 3489 Novit
228 3430 275 3487 ille
290 3430 341 3506 qui
366 3438 512 3488 scrutator
526 3439 571 3487 aet
586 3432 717 3488 cordium
738 3441 763 3490 et
780 3435 913 3506 cognitor
966 3435 1032 3502 lilii,
1046 3434 1153 3490 vestris
1164 3433 1257 3505 justis
1273 3432 1520 3505 postulationibus
1531 3433 1673 3498 inclinati,
1689 3447 1790 3504 perso-

86 3528 282 3589 eecretorum,
297 3523 375 3593 quod
392 3523 427 3576 ud
445 3522 583 3577 bonorem
601 3528 628 3578 et
650 3525 811 3595 proiectum
825 3528 910 3580 tuum
965 3542 1019 3581 nas
1034 3529 1062 3580 et
1076 3524 1197 3579 don-um
1213 3527 1352 3588 vestram.
1368 3540 1434 3580 cum
1451 3523 1589 3579 omnibus
1610 3520 1705 3588 bonis,
1721 3526 1788 3590 ete,

88 3612 206 3670 menti
226 3612 373 3667 desiderio
395 3611 570 3680 aspiramus,
589 3628 640 3681 pro
662 3617 740 3668 certo
759 3619 911 3686 sperantes
965 3629 1050 3686 seque
1066 3611 1255 3684 suscipimus.
1265 3612 1438 3684 Specialiter
1452 3619 1549 3668 autem
1559 3613 1673 3679 domos,
1684 3616 1788 3676 terrae,

88 3701 170 3774 quod
188 3706 220 3757 tn
236 3700 455 3773 progenitorum
473 3706 590 3755 tuorum
608 3701 754 3758 inherens
769 3703 910 3774 vestigiis,
965 3709 993 3761 st
1009 3703 1067 3758 alia
1081 3703 1146 3774 que
1162 3701 1291 3757 Herveus
1307 3702 1517 3773 parvuseidem
1530 3700 1630 3755 domui
1641 3697 1789 3764 contulit;

88 3797 309 3848 sacrosanctam
327 3793 488 3845 Romanam
504 3788 804 3858 Ecclesiammatrem
816 3798 911 3865 tuam,
965 3792 1065 3848 decem
1081 3790 1191 3846 solidos
1205 3790 1235 3845 iu
1253 3791 1339 3846 turno
1349 3790 1463 3860 Georgii
1477 3791 1513 3846 de
1528 3794 1615 3845 Punt.
1629 3790 1729 3842 decem
1739 3803 1789 3841 so·

86 3888 226 3952 prompta
241 3880 396 3935 dovotione
409 3879 511 3951 cupias
527 3880 670 3934 venerari.
686 3878 765 3936 Licet
779 3898 846 3951 ergo
861 3899 912 3954 per
964 3880 1041 3937 lidos
1055 3881 1208 3937 aunuatim
1223 3879 1253 3935 in
1273 3878 1603 3935 anniversarioloannie
1627 3879 1663 3933 de
1685 3880 1791 3932 sacce-

86 3968 201 4042 primes
217 3967 340 4037 litteras,
356 3984 430 4038 uuas
446 3975 546 4024 nostro
557 3968 733 4040 apostolatui
744 3970 910 4041 destinasti,
965 3970 1049 4028 nuill.
1067 3971 1186 4026 lendum
1204 3969 1319 4033 cochet.
1336 3974 1365 4024 et
1378 3975 1471 4026 terres
1487 3969 1523 4025 de
1539 3969 1638 4025 Fando
1650 3986 1657 4034 ;
1670 3968 1791 4022 sicutes

86 4063 246 4132 postquam
263 4058 299 4113 ad
323 4056 405 4131 regni
421 4057 651 4126 gubernaculum
669 4059 837 4128 ascendisti,
852 4061 908 4116 ira·
960 4062 1041 4134 iuste
1056 4064 1085 4116 et
1100 4059 1220 4133 pacifica
1243 4059 1412 4132 possidetis,
1428 4058 1521 4127 vobis,
1538 4074 1582 4123 ac,
1598 4073 1650 4129 per
1668 4073 1731 4122 vos,
1746 4054 1789 4112 ei-

84 4152 172 4204 terno
187 4145 285 4218 sigillo
310 4148 453 4217 signatas,
469 4163 522 4202 nos
538 4148 656 4202 duxeris
677 4150 839 4205 exorandos
859 4167 910 4221 pro
963 4152 1030 4208 dem
1042 4147 1199 4223 Hospitali,
1211 4149 1385 4203 auctoritate
1397 4146 1556 4217 apostolica
1567 4146 1789 4212 confirmamus,

84 4234 909 4312 venerabilitratrenostro,·l.Coloosnsiarchiepiscopo,
963 4246 993 4297 et
1008 4239 1160 4309 presentie
1183 4237 1285 4308 scripti
1308 4236 1469 4308 patrocinio
1493 4234 1723 4292 communimus.
1747 4233 1787 4288 Ad

84 4327 360 4399 adsrrtgoniensem
370 4326 910 4401 metropolimtransferendmpostmo-
963 4329 1105 4386 indicium
1122 4332 1220 4383 autem
1240 4327 1329 4396 hujus
1345 4331 1487 4398 perceptae
1503 4324 1692 4395 protectionis
1705 4339 1721 4377 a
1736 4338 1789 4377 no·

84 4417 157 4473 dum
174 4421 284 4480 tamem
300 4432 349 4487 per
366 4415 439 4471 alias
456 4415 578 4482 litteras,
594 4430 642 4471 ruo
657 4415 910 4474 charactereinsi-
925 4444 948 4510 D
964 4419 1020 4480 bis.
1036 4416 1156 4473 obulum
1170 4432 1292 4471 aureum
1306 4415 1398 4486 gratis
1410 4414 1541 4470 oblatum
1559 4413 1654 4473 nobis,
1670 4411 1789 4467 nostris·

84 4502 908 4581 gnitas,nobishumilitersupplicasti.utpostulatiouem
966 4501 1790 4580 quesuccessoribusannissinguliepersolvetis.llecar·

85 4596 124 4652 de
138 4593 295 4652 venerabili
323 4596 410 4649 tratre
430 4601 540 4662 nostro,
565 4594 596 4651 C.
622 4596 910 4666 Quinquecclesiensi
965 4596 1066 4653 nimus
1089 4609 1193 4665 ergo...
1210 4597 1316 4648 nostre
1341 4592 1533 4664 protectionis
1548 4598 1577 4646 et
1591 4588 1791 4647 confirmatio·

83 4685 234 4758 episcopo,
247 4684 283 4739 ad
294 4683 425 4740 eamdem
438 4683 619 4754 metropolim
631 4690 749 4742 evocato
757 4685 911 4744 admittere
965 4686 1022 4749 nis.
1039 4689 1096 4740 etc.
1112 4682 1143 4739 Si
1158 4681 1227 4754 quis
1242 4686 1352 4748 autem,
1367 4686 1423 4737 etc.

84 4773 299 4846 dignaremur3
316 4789 406 4844 super
417 4789 475 4844 qua
490 4772 708 4830 cumfratribus
718 4776 828 4832 nostris
840 4775 911 4832 deli·
1003 4778 1154 4840 Datum.,.‚
1170 4786 1201 4827 vu
1218 4772 1289 4828 ldus
1302 4771 1394 4833 lunii.
1408 4786 1485 4828 anno
1501 4773 1611 4826 octavo.

84 4862 256 4920 iteravimus
268 4862 434 4934 diligenter,
450 4866 479 4917 et
494 4862 633 4934 quoniam
650 4862 819 4921 invenimus
832 4881 909 4932 eam,
1299 4859 1344 4916 XC
1358 4859 1458 4933 (367').

83 4955 154 5026 poet
169 4950 376 5022 appellationes
391 4950 426 5008 ad
445 4967 498 5007 nos
514 4951 643 5025 legitime
659 4951 858 5025 interpositas,
880 4953 910 5009 in
1080 4969 1105 5010 s.
1121 4969 1333 5010 usonrarvrvsrvsr
1348 4967 1571 5008 uacuarerscoeo
1586 4950 1669 5021 (368).

83 5039 180 5098 multa
195 5040 342 5097 discordia
353 5057 409 5096 non
421 5040 517 5097 solum
529 5041 797 5113 suffraganeorum,
808 5058 910 5098 rerum
1036 5042 1125 5115 super
1143 5043 1349 5099 consecratione
1362 5042 1480 5112 episcopi
1498 5038 1719 5112 depertinentes.

83 5128 175 5189 etism
191 5130 400 5185 canonicorum
416 5130 628 5202 strigoniensis
644 5131 793 5200 Ecclesioe,
809 5136 912 5187 contra
1263 5139 1326 5197 (ιιι
1341 5130 1369 5186 ld
1386 5131 1401 5187 J
1407 5131 1492 5202 unii.)

83 5219 213 5277 formam
234 5218 367 5274 mandati
386 5220 490 5286 nostri,
512 5218 637 5290 regulari
668 5220 770 5275 ordine
793 5225 912 5292 prester-
1004 5214 1791 5293 [Soletadsemonstrabereplerumquopericulum,

121 5334 195 5406 (366)
216 5331 288 5388 Vide
312 5332 507 5404 Rayuuldum,
533 5333 569 5388 ad
589 5348 700 5389 annum
730 5334 841 5403 l205,§
864 5336 911 5393 55.
967 5336 1089 5409 lliptom.
1115 5341 1186 5392 tom.
1202 5337 1225 5407 l,
1251 5353 1316 5408 pag.
1333 5336 1397 5402 313,
1423 5335 1495 5408 dipl.
1510 5334 1572 5402 373,
1597 5332 1722 5405 ideoque
1743 5329 1791 5385 hio

84 5405 161 5461 Vide
175 5405 264 5473 stiarp
280 5404 435 5472 epistulam
453 5404 519 5460 libri
535 5406 651 5475 septimi
668 5406 732 5461 226.
968 5425 1053 5466 ιιιιι
1069 5408 1239 5463 includitur,

121 5477 198 5547 (36Ί)
211 5474 285 5532 Vide
299 5475 495 5548 Raynaldum,
511 5477 545 5530 ad
559 5493 669 5532 aurium
688 5478 767 5546 1205,
783 5476 857 5552 568.
1004 5479 1079 5553 (368)
1093 5479 1166 5536 Vide
1182 5477 1336 5551 epistolam
1352 5476 1419 5534 libri
1436 5477 1531 5551 quinti
1548 5477 1591 5545 lt,
1609 5478 1668 5533 not.

84 5548 163 5626 (367)
178 5548 340 5622 Epistulam
355 5546 431 5606 banc
445 5548 579 5621 vulgavit
595 5548 809 5622 soboepsinus.
820 5550 909 5606 lbet.
