3780 6000
553 170 808 234 roanmctrus
827 170 923 231 nano
944 172 1002 249 m,
1021 181 1159 241 unmsrr
1180 186 1258 243 teor.

427 316 498 378 ern.
895 302 926 372 A

1688 200 1761 259 dee

10 184 20 253 q
62 172 108 232 aar

1320 317 1375 372 CV.

10 454 12 461 .
62 414 308 458 mutauerant...
325 414 668 468 metneueaoarrruurcrs
687 418 881 460 caunuanasre.
934 421 1085 471 renconis,
1102 422 1134 460 ar
1149 421 1294 462 uaeramus
1309 422 1396 477 arare,
1412 423 1532 480 areanis,
1549 424 1575 468 ra
1592 428 1758 473 euaunneast
1802 449 1813 461 ·

10 480 14 573 ξ
63 490 187 564 dtaapar
200 491 379 549 matrimonio
393 492 579 550 contrahendo
594 493 719 550 eerraitiis
739 489 882 549 Turriteni

10 584 12 593 ·
231 563 437 637 archicpiscopi
450 567 608 638 acquiescat
623 565 709 639 (282).

268 644 420 717 (Laterani,
437 660 464 701 rr
479 644 554 702 Non.
569 645 672 718 inuti.)

83 736 208 791 Gratum
237 734 363 805 gerimue
392 741 419 790 et
446 742 611 808 acceptum,
639 735 716 807 qood
755 732 883 806 vestigiis

54 823 238 894 quendam...
253 823 341 893 patris
350 823 401 890 tal,
410 823 713 895 judictatlattorensis,
726 823 883 896 inhaerens,

54 912 80 971 in
87 910 233 969 Ecclesia
246 913 396 970 devotione
408 914 547 984 persistis,
557 920 583 970 et
589 913 881 986 Juxtapreridenttam

52 1001 256 1060 «consitium
272 1002 336 1073 ejus
360 1003 513 1074 diapenere
537 1003 683 1060 desideras
706 1010 787 1060 actus
810 1010 882 1062 toea.

81 1092 301 1164 llleeiqeidem
316 1097 377 1149 tam
390 1100 416 1150 te
431 1108 514 1166 qnam
533 1100 636 1151 terram
651 1106 733 1151 suam
749 1092 802 1150 snb
815 1108 883 1166 ape·

51 1182 164 1241 ateliaaa
179 1182 257 1239 aedia
272 1181 387 1239 tutelam
411 1182 535 1255 reliquii.
554 1184 596 1240 Tu
610 1198 679 1241 aare
708 1183 739 1241 in
769 1191 883 1241 centra·

53 1271 479 1339 baudemetrimonlmncstrc
507 1272 633 1330 oencllte
659 1279 687 1330 te
716 1270 883 1341 committis,

53 1361 264 1434 propterquod
280 1362 315 1418 ad
331 1361 470 1419 hooemm
486 1368 569 1418 tuum
583 1368 662 1419 tanto
676 1360 885 1435 amptiusaepl·

53 1467 165 1521 umas,
183 1459 289 1522 quante
305 1466 339 1509 ex
355 1451 409 1509 hee
424 1451 541 1522 majoris
554 1452 703 1509 eomtmua
717 1452 775 1508 inae
796 1450 884 1508 deve-

52 1542 143 1600 tionis
157 1540 313 1613 indictam,
328 1547 356 1598 at
366 1542 532 1599 reverentie
546 1540 656 1599 certios
671 1552 883 1613 argumentum.

54 1635 208 1690 itenemua
224 1631 308 1702 igitur
324 1631 500 1688 nobilitatem
516 1639 594 1688 tuam
610 1638 637 1687 et
651 1630 837 1689 exhortamur
852 1630 883 1688 in

56 1722 194 1792 Domino,
210 1730 238 1779 et
253 1738 302 1794 per
316 1721 471 1793 apostoliea
486 1723 539 1779 tihi
568 1723 673 1794 scripta
702 1724 882 1793 mandamus,

57 1821 215 1885 qnatenus,
232 1811 304 1869 sicut
318 1812 354 1868 de
370 1819 417 1868 tua
437 1812 587 1869 devotione
612 1811 797 1884 consedimus,
813 1818 840 1869 et
855 1819 884 1869 tu

58 1903 93 1961 dc
107 1901 201 1973 gratia
213 1909 309 1958 nestra
324 1918 431 1974 speras,
447 1917 531 1974 super
547 1901 600 1959 hoc
624 1902 796 1959 venerahilis
825 1903 883 1960 ira·

54 1992 107 2049 tria
138 1990 241 2061 nostri,
267 1988 410 2048 Turritani
440 1990 649 2064 archiepiscopi
675 1991 807 2050 consitiis
834 2008 884 2051 ac·

52 2083 197 2155 quiescas.

90 2174 196 2230 Datum
213 2170 353 2239 Laterani,
369 2189 398 2228 vr
413 2171 509 2228 Nonas
523 2172 539 2228 J
544 2172 603 2229 ulii.

87 2264 120 2319 la
135 2263 263 2319 cumam
277 2262 339 2334 sara
353 2261 499 2318 modurn...
518 2262 600 2317 matri
627 2261 730 2333 puellm
745 2261 881 2335 scriptum

54 2361 94 2411 act
110 2351 393 2425 aaaqarcmandamna‚
414 2356 566 2422 qnatenus,
596 2366 681 2423 anper
711 2352 764 2409 hoc
794 2352 882 2409 irene-

54 2438 239 2513 ptacitumet
260 2440 427 2496 mandatum
455 2447 584 2497 nostrum
610 2447 791 2512 exspectans,
818 2456 881 2497 enm

55 2547 116 2589 nea
131 2546 288 2603 presumas
301 2533 435 2602 cuiquam
450 2533 593 2603 copulare,
609 2534 657 2589 scd
674 2533 768 2604 petina
796 2546 881 2590 rene·

55 2619 181 2676 rabilem
191 2620 307 2677 tratrem
318 2621 690 2678 nostram...civitatenaem
701 2622 881 2694 episcoqum,

57 2712 92 2768 ad
108 2711 292 2782 presentiam
309 2718 434 2767 nostram
450 2711 559 2781 mittas,
576 2724 643 2768 cern
666 2726 722 2783 que
747 2713 881 2786 dtspona·

56 2816 122 2858 mus
141 2799 259 2872 planiae
286 2800 362 2872 qued
390 2800 475 2856 inerit
501 2800 724 2873 disponendum,
755 2808 783 2859 at
810 2804 883 2876 qaod

57 2890 147 2948 inerit
162 2889 332 2962 dispositam
346 2888 529 2962 impleamus.

262 3077 455 3118 ..muminito
464 3076 692 3119 ΔΙΟΗΙΕΡΙΕΟθΡΟ.

298 3152 336 3209 lia
349 3152 446 3209 cotem
467 3156 631 3220 crpamentc

282 3231 436 3305 (Laterani,
453 3249 481 3289 vr
498 3232 570 3290 Non.
584 3231 678 3304 tetii.)

99 3319 325 3377 iraternitatem
341 3327 419 3377 tuam
434 3320 566 3378 nevimus
590 3337 648 3378 non
676 3320 773 3388 latere,
801 3320 893 3392 qnali-

62 3410 303 3482 ter...qeendem
317 3409 894 3482 Gellurenaiajuder,inmortieartlcule
1020 3462 1026 3473 .
1096 3460 1102 3473 .
1159 3461 1221 3474 ..
1350 3459 1357 3473 .
1457 3461 1462 3473 .

877 3498 894 3555 b
944 3468 1078 3532 Domino,
1094 3475 1124 3517 tn
1140 3476 1199 3518 nro
1213 3461 1318 3517 idonee
1333 3477 1359 3517 er
1386 3463 1533 3533 prendere
1562 3462 1692 3528 valtanas,
1719 3460 1770 3534 qul

64 3498 257 3566 constitutus.
286 3506 342 3555 tam
363 3504 469 3555 terram
497 3514 582 3571 quam
610 3499 700 3555 tiliam
729 3515 810 3556 auam
840 3515 872 3556 arr

65 3588 232 3660 apostatica
246 3588 324 3645 aedis
338 3588 427 3645 tutele
440 3589 566 3661 reliquii.
591 3592 650 3646 Nes
676 3589 773 3661 igitur,
802 3589 895 3646 eidem

65 3677 173 3750 puellae
185 3678 267 3748 juxta
281 3678 471 3736 intentionem
493 3679 582 3750 petris
597 3679 641 3735 ael
668 3679 815 3750 providere
844 3695 896 3734 re·

66 3764 172 3836 lentes,
188 3782 252 3824 mm
267 3767 326 3825 rire
342 3768 479 3839 legitimo,
494 3785 544 3839 per
560 3784 646 3841 quem
661 3769 744 3826 nulla
756 3769 787 3825 in
798 3767 896 3825 Sardi·

69 3856 120 3913 nia
134 3856 288 3914 arsctmmr
302 3856 456 3928 discordia,
472 3858 520 3914 sed
536 3858 632 3928 potius
646 3856 784 3929 sopiatur,
799 3861 829 3914 ei
847 3856 896 3928 qni

68 3944 145 4003 ualli
157 3945 291 4017 judicum
304 3946 406 4004 marite
419 3946 455 4002 sit
469 3954 628 4018 suspectus,
643 3947 767 4019 ideoque
783 3947 896 4018 judica-

69 4041 130 4090 tam
146 4033 343 4092 Gallarensem
357 4036 386 4090 in
402 4051 471 4108 pace
484 4036 587 4092 melius
611 4036 702 4093 valeat
726 4037 897 4109 gubernare,

69 4124 182 4179 tradere
197 4124 382 4195 proponimus
399 4124 429 4180 in
445 4140 572 4197 uxorem,
587 4125 735 4182 lienemua
746 4126 834 4197 igitur
844 4124 899 4181 ira·

70 4210 236 4269 tarnitatcm
252 4220 330 4269 tuam
346 4221 373 4270 et
387 4214 573 4271 exhortamur
587 4214 618 4270 in
633 4214 767 4286 Domino,
793 4223 820 4271 et
849 4230 899 4284 pcr

68 4301 231 4376 apostolica
245 4302 350 4373 scripta
366 4303 536 4360 mandamns
558 4309 585 4359 ct
611 4303 740 4359 districte
767 4302 899 4375 precipi-

70 4408 147 4457 mus,
164 4394 314 4462 quatenus,
330 4408 395 4449 cnm
412 4400 440 4448 tn
452 4392 580 4449 detineas
595 4392 768 4462 eustracius,
781 4407 813 4448 ca
824 4391 895 4447 nulli

1173 511 1368 552 exterreamus
1383 512 1520 556 raorcaro.

1178 585 1215 640 Dc
1231 586 1324 643 cedem
1337 596 1511 659 arpameatc.

972 675 1193 733 Univereitetem
1210 683 1330 732 uestram
1346 676 1549 735 nevimoanen
1578 679 1675 749 latere,
1702 690 1759 743 ete.

935 783 1022 841 aeque
1038 785 1045 823 :
1063 765 1092 822 in
1109 780 1237 823 uxerem.
1254 766 1404 824 ilonemne
1433 767 1519 839 igitur
1547 770 1759 831 universitatem

934 865 1056 917 vestram
1071 862 1100 912 et
1112 854 1293 912 exhortamur
1307 857 1453 924 attentius,
1470 864 1497 914 ct
1526 874 1575 929 per
1601 861 1761 931 apostolica
1859 916 1863 921 .

936 944 1015 1004 vobis
1031 945 1137 1016 scripta
1152 945 1333 1016 mandamus,
1348 953 1488 1018 quatenus
1503 962 1591 1020 super
1605 949 1658 1008 hee
1677 966 1760 1008 man·

935 1035 1035 1092 datum
1050 1042 1181 1092 nestrum
1196 1037 1225 1090 et
1239 1034 1461 1107 heneplacitum,
1475 1041 1544 1105 eta,
1560 1041 1589 1094 at
1605 1041 1634 1095 in
1644 1056 1677 1097 aa
1696 1054 1761 1112 qaae

936 1125 1063 1181 mittitur
1075 1125 1165 1180 metri
1176 1122 1291 1196 puciiae.

1310 1215 1377 1273 CVI.

1095 1321 1185 1360 nonin
1200 1321 1301 1362 vanc...
1316 1322 1407 1363 ruorcr
1422 1322 1597 1366 caararraae.

1185 1395 1224 1451 Dc
1237 1393 1332 1451 eedem
1346 1403 1507 1468 arqcmantc

1152 1484 1306 1555 (latereni,
1321 1502 1340 1542 v
1354 1487 1430 1544 Non.
1445 1487 1542 1560 tutti.)

974 1573 1053 1640 Quod
1067 1574 1103 1628 ad
1120 1572 1279 1631 tollendum
1292 1576 1476 1646 scandalum,
1490 1578 1564 1649 quod
1578 1578 1608 1634 in
1628 1578 1762 1636 Sardinia

898 1668 925 1742 Β
939 1670 1047 1718 motem
1058 1662 1160 1731 iuerat,
1171 1669 1199 1719 et
1208 1664 1392 1722 concordiam
1401 1666 1624 1735 reformandam,
1636 1666 1765 1725 nobilem

940 1752 1043 1819 virum,
1060 1750 1093 1806 G.
1112 1752 1323 1822 marchionem,
1340 1754 1389 1825 qui
1405 1754 1531 1812 nobilem
1548 1755 1708 1825 mulierem,
1725 1756 1762 1813 11.

941 1839 1065 1897 tiliam...
1081 1841 1228 1914 quondam
1240 1841 1350 1912 judicis
1364 1844 1552 1913 Gallurensia,
1565 1844 1670 1903 ducere
1687 1844 1765 1902 vele·

939 1929 989 1986 hat
1005 1946 1131 1999 uxorem,
1147 1947 1163 1985 a
1177 1930 1309 1987 iudicatu
1330 1932 1494 1991 Gallnrenei
1523 1935 1640 2004 preside
1669 1948 1764 1993 reme-

938 2019 1014 2086 risti,
1030 2022 1092 2076 et...
1110 2019 1201 2076 ditum
1214 2021 1363 2092 quendam
1384 2022 1490 2091 iudicis
1517 2021 1697 2087 emeccasis,
1728 2024 1765 2079 ad

939 2125 1036 2180 preces
1051 2116 1079 2165 et
1092 2109 1263 2166 mandatum
1279 2110 1468 2181 apostolicum
1482 2111 1617 2183 liberasti,
1629 2115 1709 2171 tante
1720 2112 1768 2169 ha-

939 2197 1039 2255 bemns
1049 2198 1158 2269 pretias
1167 2205 1196 2256 et
1205 2199 1349 2270 acceptius
1359 2204 1537 2273 reputamus,
1549 2205 1657 2272 quanto
1668 2217 1702 2259 ex
1712 2201 1767 2260 hae

937 2289 1035 2359 majus
1051 2287 1194 2345 sumimus
1210 2296 1264 2344 tna
1277 2289 1598 2356 devotioniaindtetnn.
1609 2298 1635 2347 at
1646 2289 1766 2348 elocari·

938 2379 1004 2433 tatis
1019 2379 1181 2448 expressius
1195 2388 1406 2448 argumentum.
1423 2384 1517 2452 Super
1531 2396 1565 2437 ee
1576 2395 1688 2453 quoque
1698 2396 1766 2452 pra·

937 2471 1064 2529 dentiam
1081 2475 1160 2527 tuam
1175 2471 1205 2527 in
1220 2470 1344 2529 Domine
1358 2474 1609 2544 commandamus,
1625 2475 1701 2546 qued
1711 2489 1766 2532 nee

938 2578 987 2634 per
1002 2568 1065 2617 tues
1088 2561 1196 2619 litteras
1222 2563 1357 2630 exorasti,
1388 2565 1420 2618 et
1446 2562 1611 2633 predictam
1640 2563 1765 2634 puellam

939 2667 1023 2723 quam
1042 2657 1216 2707 memoratus
1230 2654 1312 2721 pater
1326 2650 1417 2721 lpsiua
1428 2651 1481 2708 sub
1492 2658 1588 2709 nostra
1599 2652 1687 2709 tutela
1698 2652 1765 2711 rali-

939 2741 1011 2813 qeit,
1025 2755 1085 2797 non
1100 2745 1239 2811 suspecta
1255 2755 1384 2811 personae
1399 2741 1430 2797 in
1459 2742 1612 2813 coniugem
1640 2743 1766 2799 tradere-

941 2849 1016 2901 mus,
1032 2848 1094 2904 quae
1109 2831 1193 2889 noble
1205 2832 1352 2889 exhiheret
1369 2832 1499 2889 debitum
1528 2832 1708 2903 famulatam,
1738 2838 1768 2891 et

941 2923 1024 2993 cujas
1039 2921 1190 2979 eceaaiene
1203 2921 1337 2979 sardinia
1351 2923 1447 2980 denuo
1463 2930 1583 2993 nequeat
1595 2922 1766 2994 perturbari.

903 3044 928 3112 G
944 3010 1015 3079 Quia
1026 3011 1111 3081 igiter
1126 3010 1281 3068 consilium
1297 3018 1390 3082 tunm,
1407 3012 1484 3083 quod
1498 3011 1611 3069 salubre
1622 3011 1769 3069 eredimus

943 3107 1136 3172 acceptamus,
1151 3100 1331 3159 nobilitatem
1347 3109 1425 3158 tuam
1438 3116 1589 3158 monemur
1598 3108 1626 3158 et
1635 3102 1768 3158 exhorta·

944 3205 1009 3247 mur
1023 3191 1169 3260 attentius,
1184 3194 1213 3246 et
1226 3207 1276 3262 per
1290 3189 1448 3261 apoatoliea
1462 3191 1569 3264 scripta
1586 3192 1768 3263 mandamns,

943 3287 1085 3351 eumenus
1103 3279 1227 3350 puellam
1251 3279 1342 3351 ipsam
1372 3294 1431 3337 non
1460 3280 1606 3352 permittas
1635 3281 1769 3352 culquam

944 3371 1196 3428 matrimonialiter
1210 3370 1351 3443 oepalari,
1366 3385 1434 3428 oum
1448 3386 1501 3428 noa
1518 3371 1548 3428 in
1564 3371 1653 3442 brevi,
1682 3372 1769 3428 dante

946 3565 1000 3608 nec
1016 3549 1078 3619 tihi,
1094 3565 1147 3606 nec
1162 3547 1255 3606 nobili
1269 3549 1364 3605 rire...
1379 3548 1468 3621 judici
1484 3550 1648 3616 territano,
1669 3552 1771 3607 merito

947 3643 983 3699 sit
997 3647 1157 3713 suspectus.
1174 3640 1282 3696 Taliter
1295 3639 1382 3712 igitur
1409 3656 1495 3712 anper
1522 3641 1577 3697 lrec
1605 3641 1770 3697 mandatum

947 3731 1134 3803 apostolieum
1148 3729 1324 3801 exsequaris,
1335 3729 1409 3800 qued
1423 3737 1540 3802 prepter
1554 3730 1609 3786 hoe
1624 3730 1658 3786 ad
1680 3729 1772 3788 hoan-

948 3837 1006 3877 rem
1022 3826 1048 3874 et
1064 3819 1224 3890 proiectum
1239 3825 1300 3874 turn
1315 3818 1478 3890 speciatitar
1492 3820 1641 3877 intendere
1667 3819 1771 3877 debea-

949 3926 1022 3967 mus.

987 4003 1085 4056 ilatum
1102 3998 1244 4071 Laterani,
1260 4016 1274 4056 r
1289 3999 1386 4056 Nonas
1399 3999 1415 4056 J
1420 4000 1481 4057 ulii.

984 4092 1016 4146 tra
1030 4088 1126 4146 cadem
1137 4091 1196 4162 [ere
1209 4088 1331 4157 modum,
1345 4091 1438 4161 judici
1447 4089 1611 4147 Turritano.

1271 4179 1344 4236 Cvll
1361 4180 1445 4252 (283).

1149 4284 1400 4324 ...Αιιοιηευιεοονο
1415 4284 1578 4326 sequererne.

955 4359 1023 4415 Cam
1038 4357 1165 4413 Territum
1171 4372 1201 4411 es
1210 4356 1340 4427 judacei
1354 4372 1426 4413 uxor
1440 4359 1500 4425 aiae
1514 4366 1612 4430 quarte
1630 4362 1655 4413 ai
1679 4359 1774 4429 quinio

912 4430 939 4499 D
989 4430 1236 4499 eonsenqacnitctia
1259 4427 1348 4497 prada
1375 4428 1517 4499 conjuncti
1530 4438 1627 4495 esseut,
1642 4433 1669 4485 et
1686 4445 1776 4501 praee

71 4499 103 4553 l)r
106 4482 153 4537 1¹¹⁵
167 4481 314 4551 assignare
329 4497 493 4553 praesumas,
509 4498 595 4554 (iuim
609 4481 710 4553 puell&
723 4481 778 4552 iiii
803 4498 894 4552 llf⁰V¹·
988 4498 1094 4571 alioqui
1107 4498 1272 4555 scandatum
1287 4515 1322 4555 ee
1336 4498 1454 4555 divertio
1464 4499 1630 4570 immineret,
1645 4499 1776 4573 praesuiis

71 4571 204 4628 derimua
217 4570 249 4627 ln
263 4569 410 4639 maritam,
426 4570 474 4628 sed
490 4584 576 4643 super
590 4568 645 4628 hoc
660 4568 831 4628 venerahilis
847 4572 900 4627 tra·

74 4661 126 4717 tris
141 4659 275 4718 nostri...
299 4659 444 4717 'l'arritani
471 4660 690 4732 archiepiscopi,
717 4661 845 4717 consiliis
873 4665 902 4718 ct

76 4749 195 4807 monitis
207 4749 391 4820 acquiescaer
407 4751 550 4822 alioquin,
566 4750 900 4807 antisiactaruadetanto

989 4571 1105 4628 arbitrio
1117 4586 1229 4627 aearum
1243 4570 1400 4629 committit.

1170 4658 1323 4731 (laterani,
1339 4676 1368 4716 m
1384 4664 1458 4718 tion.
1474 4660 1566 4734 iulii.)

991 4750 1121 4808 Pertues
1140 4748 1224 4806 noble
1253 4749 1363 4807 litterae
1390 4748 1540 4821 intimasti,
1571 4751 1645 4823 quod
1674 4750 1784 4810 nobilis

75 4842 255 4911 centanptn,
280 4846 378 4897 nostre
405 4844 434 4897 tc
461 4841 626 4912 conspectat
640 4846 834 4913 representes.
867 4841 901 4898 ttt
955 4841 1031 4898 rir...
1043 4838 1212 4896 'l'urrltanus
1225 4839 1323 4910 judex,
1340 4845 1399 4896 et...
1418 4854 1489 4897 nxcr
1504 4839 1606 4913 ipsius,
1621 4839 1652 4897 in
1682 4843 1784 4912 quarte

74 4936 174 4986 aotam
189 4928 313 4987 latentia
327 4937 424 4987 nestra
438 4930 542 4988 melios
567 4930 755 5002 compleatur,
785 4930 901 4987 interim
954 4936 982 4987 et
997 4928 1099 5002 quinto
1117 4927 1207 5001 pedu
1223 4926 1484 5000 consanguinitatis
1500 4929 1624 4986 invicem
1640 4944 1670 4985 se
1693 4927 1783 4985 attin·

75 5016 269 5077 venemhiiem
283 5019 901 5090 tratremnestram...clritatenaamepisco-
955 5026 1037 5091 gant‚
1053 5024 1080 5073 et
1092 5015 1191 5074 tandiu
1207 5016 1390 5089 conjugalem
1414 5012 1470 5073 situl
1494 5016 1685 5075 exhibuerunt
1714 5014 1784 5073 ade·

76 5123 157 5180 pom,
172 5108 207 5164 ad
223 5107 407 5179 praeentiam
423 5112 551 5165 nostram
567 5109 672 5177 mittas,
689 5124 754 5164 cum
770 5123 825 5178 qne
840 5108 902 5164 dia·
956 5115 1043 5175 ctum,
1060 5106 1134 5178 qued
1152 5105 1255 5175 fillum,
1271 5106 1318 5163 cui
1329 5107 1390 5178 jam
1406 5113 1479 5164 terra
1490 5106 1609 5178 jurarit,
1624 5113 1652 5162 et
1666 5106 1738 5162 duas
1753 5104 1787 5160 lr-

76 5211 219 5269 ponamos
233 5196 348 5269 plenina
363 5198 437 5270 qood
451 5197 536 5255 luerit
550 5198 775 5271 disponendum,
789 5197 901 5270 etqnod
956 5197 1009 5254 lias
1022 5201 1220 5267 susceperunt,
1237 5210 1359 5269 quaram
1374 5196 1463 5253 altera
1479 5196 1537 5253 rire
1565 5194 1675 5267 nupsit.
1696 5196 1784 5251 cum-

73 5286 163 5343 iuerit
176 5285 347 5358 dispositum
361 5287 542 5361 impleamus.

111 5380 217 5432 natum
232 5372 378 5449 Laterani,
394 5383 426 5433 at
438 5393 534 5450 capro.

112 5521 187 5597 (282)
202 5521 278 5580 Vide
292 5521 343 5580 lih.
357 5539 398 5593 vr,
414 5523 498 5596 epist.
513 5523 560 5592 29,
578 5524 639 5593 tta,
659 5526 686 5578 at
701 5538 774 5595 seqq.

957 5303 1011 5360 que
1026 5286 1130 5345 mulier
1140 5285 1201 5358 ipsa
1212 5286 1351 5343 matereit
1361 5284 1467 5343 nobilis
1477 5286 1540 5356 viri,
1552 5286 1624 5355 itaq.
1638 5285 1675 5342 de
1685 5283 1787 5366 eam,

954 5376 1064 5450 judicie
1080 5375 1220 5443 deberem,
1237 5376 1261 5432 si
1279 5375 1439 5434 celebretur
1452 5374 1607 5432 divertium
1624 5371 1787 5439 interillos,

996 5520 1072 5594 (283)
1086 5518 1159 5577 Vide
1174 5519 1365 5592 ltaynaldem
1381 5521 1417 5577 ad
1434 5534 1543 5577 annum
1560 5519 1638 5588 1204,
1655 5515 1728 5586 579.
