3780 6000
85 221 136 278 :tto

554 217 755 283 inuocauit(
773 214 811 270 lll
831 216 885 269 PP.
906 214 1139 273 uuuusuotttttt
1159 217 1225 273 LlB.
1245 219 1304 273 vit.

1734 223 1788 278 314

85 348 178 405 benda
193 363 224 406 se
236 349 282 418 ius
298 347 401 405 babere
416 345 545 411 conlidit,
562 361 611 415 per
626 360 678 400 nos
701 359 781 398 suam
805 341 906 411 poterit
919 339 950 401 A
964 340 1080 398 dinibus
1095 342 1232 401 hactenus
1242 345 1395 402 observatis
1407 347 1533 404 indebite
1545 349 1696 404 molestari.
1708 349 1787 406 Nulli

42 505 45 511 Δ
83 439 223 509 justitiam
246 437 395 504 obtinere;
412 436 577 491 insudatum
601 432 790 504 apostolicum
816 431 910 487 taliter

85 525 241 596 impleturi,
257 526 332 596 quod
345 523 537 582 obedientiam
552 530 676 579 vestram
690 519 833 593 possimus
848 534 909 574 me-

86 613 140 671 rito
155 613 367 671 commendare.
383 613 491 680 Testes,
506 614 562 667 etc.
580 610 659 677 tluod
682 608 708 664 si
732 624 791 665 non
812 606 910 674 ambo,

85 710 141 760 etc.
157 701 252 760 Nullis
267 702 372 758 litteris
386 742 393 757 .
406 741 434 759 ..
451 700 551 757 barum
566 699 712 756 mentione
724 713 783 754 non
803 696 910 767 habita,

87 798 142 849 etc.

124 880 225 938 Datum
243 880 382 950 Laterani,
396 895 412 935 ι
426 879 468 935 tt.
485 877 561 935 ltaii.

471 994 540 1050 txt.

90 1178 129 1235 tie
144 1193 164 1233 a
174 1190 321 1247 quoquam,
336 1174 394 1230 nisi
408 1174 440 1230 in
453 1172 558 1300 dupiicti
579 1188 655 1238 cocu,
680 1170 916 1228 excommunicari

445 1261 507 1317 poss
522 1262 540 1298 n
554 1286 561 1299 .

325 1334 482 1403 (Laterani,
498 1349 525 1390 vt
536 1334 578 1389 ld.
595 1332 683 1402 llaii.)

124 1440 185 1497 litai
199 1440 393 1497 Ecclesiarum
415 1438 543 1494 omnium
568 1435 731 1493 sollicitudo
745 1435 838 1508 (nobis
861 1434 917 1491 im-

91 1531 199 1587 mineat
227 1527 377 1601 generalis,
405 1542 470 1583 cum
497 1527 690 1599 speculatores
718 1525 808 1581 simus
833 1539 918 1595 snper

962 447 1038 503 ergo,
1055 443 1108 490 etc.

999 520 1101 578 Datum
1118 524 1258 591 Laterani,
1275 541 1301 581 ιι
1315 524 1357 581 ld.
1375 526 1454 586 Maii.

1284 632 1364 689 ιιιιι
1380 633 1463 707 (ree).

1165 809 1271 882 Recipit
1285 824 1328 866 cos
1342 813 1393 867 sub
1407 813 1584 884 protectione.

1174 898 1326 971 (Laterani,
1343 918 1383 958 ιιι
1400 902 1460 957 Kal.
1476 902 1581 975 lunii.)

1001 987 1102 1040 cuma
1117 986 1200 1042 nobis
1213 989 1326 1058 petitor,
1342 998 1396 1048 etc.
1412 1007 1498 1063 usquc
1514 1009 1521 1048 :
1537 999 1708 1062 annuentes,
1725 1008 1791 1063 pcr-

967 1088 1051 1129 sonas
1066 1084 1206 1133 vestrasat
1215 1077 1354 1148 hospitale
1369 1081 1404 1136 de
1415 1081 1556 1153 Bokekeg,
1567 1080 1603 1138 ab
1615 1084 1648 1138 Α.
1661 1082 1696 1137 de
1706 1084 1790 1152 Rara,

968 1170 995 1220 et
1010 1165 1042 1218 ll.
1062 1180 1149 1222 uxore
1159 1165 1259 1238 ipsius,
1272 1168 1472 1227 fundatoribus
1482 1172 1555 1241 eius,
1566 1170 1707 1243 Hospitali
1717 1171 1792 1227 Teu·

969 1254 1131 1311 tunicorum
1144 1255 1255 1312 Sanctae
1270 1257 1367 1316 Marito
1382 1260 1412 1315 in
1427 1259 1583 1317 ierusalem
1600 1261 1646 1331 pia
1664 1259 1792 1315 liberali-

969 1349 1025 1398 tate
1039 1359 1221 1413 coscessum,
1238 1347 1267 1402 in
1284 1363 1339 1418 quo
1355 1348 1452 1405 divino
1468 1350 1537 1406 estis
1551 1349 1688 1420 obsequio
1710 1364 1793 1407 man·

969 1433 1068 1504 cipati,
1087 1448 1152 1490 cum
1172 1436 1308 1493 omnibus
1330 1453 1391 1509 que
1420 1439 1450 1494 in
1480 1440 1709 1510 praesentiarum,
1736 1445 1790 1495 etc.

970 1520 1000 1577 in
1014 1522 1128 1578 modum
1140 1525 1329 1595 protectionis,
1345 1543 1430 1598 usqne
1450 1529 1674 1584 communimus.
1689 1528 1731 1583 Ad
1746 1525 1792 1584 in·

91 1621 208 1676 domum
224 1618 339 1674 Domini
354 1615 512 1682 constituti,
529 1616 571 1672 eis
586 1623 681 1670 tamen
696 1613 860 1686 specialiter
869 1613 917 1669 ad·
970 1612 1078 1668 dicium
1091 1620 1186 1670 autem
1203 1615 1287 1686 hujus
1301 1617 1483 1685 protectionis
1507 1633 1524 1672 a
1546 1616 1629 1673 nobis
1650 1618 1793 1684 obtende,

93 1723 155 1765 esse
169 1714 307 1776 tenemur,
320 1722 381 1777 queo
395 1705 557 1777 apostolica
567 1704 642 1761 sedis
656 1702 798 1760 suntirlioa
808 1702 915 1774 spacia·
931 1711 957 1776 Β
973 1704 1181 1776 quinquaginta
1188 1711 1217 1764 et
1228 1723 1316 1763 unum
1328 1708 1461 1765 denarios
1471 1709 1647 1767 Trisacensis
1659 1718 1794 1779 moneta,

94 1797 146 1854 les.
162 1796 233 1852 Cum
248 1795 335 1868 igitur
349 1794 477 1852 Ecclesia
492 1802 584 1851 vestra
610 1810 662 1850 nos
684 1793 764 1851 nullo
787 1791 919 1862 respiciat
972 1796 1061 1865 gratis
1074 1795 1193 1861 oblatos,
1207 1797 1300 1863 nobis,
1312 1799 1475 1871 nostrisque
1485 1800 1700 1857 successoribus
1710 1800 1796 1855 annis

95 1885 250 1950 mediante,
265 1885 395 1941 veientes
410 1882 491 1940 vobis
507 1891 624 1949 patema
638 1881 833 1939 sollicitudine
848 1897 919 1953 prae·

95 1989 205 2040 carere,
221 1972 570 2040 districtiusiubibomus,
588 1989 624 2029 ne
647 1971 711 2043 quis
735 1971 765 2028 in
790 1988 850 2037 vos,
876 1968 919 2026 sal

96 2061 246 2121 ecclesium
270 2070 402 2131 vestram,
429 2068 531 2132 proeter
545 2061 741 2118 auctoritatem
757 2059 920 2131 apostoticae

95 2151 181 2219 sedis,
197 2149 515 2217 excommunicationis,
527 2150 570 2206 vel
597 2150 741 2207 interdicti
765 2148 921 2205 sententias

95 2241 197 2297 audeat
212 2239 403 2311 promulgare,
419 2240 476 2296 niel
491 2239 562 2296 torte
578 2240 687 2295 ratione
702 2238 818 2295 alterius
834 2237 921 2294 bene·

95 2329 166 2395 licii,
190 2329 234 2385 vel
254 2329 405 2386 occasione
427 2328 524 2385 delicti
539 2327 608 2384 alibi
622 2327 785 2398 perpetrati,
802 2327 850 2383 aed
867 2340 921 2383 nec

95 2419 137 2477 sic
151 2417 259 2489 absque
272 2416 424 2474 manifesto
438 2422 468 2473 et
481 2416 645 2473 rationabili
660 2431 744 2473 causa
766 2416 922 2472 sententias

96 2507 259 2578 hujusmodi
283 2506 435 2578 quisquam
461 2507 491 2563 in
514 2521 564 2561 ros
577 2505 650 2562 terro
666 2508 831 2577 prasumat,
852 2519 921 2575 quas

97 2597 121 2652 si
137 2595 200 2668 quis
213 2596 270 2652 alio
286 2595 371 2652 modo
386 2593 461 2651 terre
477 2593 698 2665 praesumpserit,
711 2595 741 2650 in
752 2593 843 2664 primo
854 2607 920 2648 casu

99 2684 281 2741 decernimus
304 2683 412 2751 irritas,
439 2684 469 2740 in
498 2684 625 2740 secundo
652 2683 834 2740 decernimus
858 2681 921 2737 irri-

99 2775 211 2832 tandus.
226 2772 304 2830 Nulli
318 2789 395 2844 ergo,
407 2780 460 2830 eto.

136 2868 238 2920 Datum
253 2861 392 2933 Laterani,
408 2877 435 2918 ιι
452 2864 517 2919 ldus
531 2862 608 2918 Maii.

472 2986 554 3042 LXli.

116 3273 251 3349 Antiquos
265 3288 360 3331 eornm
374 3273 505 3330 Ecclesia
519 3273 732 3329 consuetudines
748 3273 904 3344 confirmat.

332 3371 486 3443 (Laterani,
503 3387 532 3429 ιι
546 3370 590 3426 td.
607 3369 698 3439 Maii.)

135 3472 266 3543 Suscepti
280 3470 428 3542 regiminis
442 3469 693 3526 administratione
713 3468 922 3540 compellimur,

101 3573 174 3634 etc.,
189 3577 274 3634 usquc
286 3567 413 3631 satagere
436 3560 592 3616 videamur.
613 3558 654 3614 Lx
679 3567 756 3631 parta
780 3561 922 3632 siqnidem

102 3654 197 3708 vestra
210 3649 264 3704 luit
278 3648 361 3705 nobis
375 3647 444 3703 olim
460 3645 607 3703 humiliter
622 3647 825 3720 supplicatum,
838 3652 869 3703 ut
879 3664 925 3704 su·

10 3800 24 3819 .-
103 3755 153 3811 per
167 3736 364 3808 dignitatibus,
379 3733 508 3792 ecclesiae
522 3742 632 3806 vcstrae,
649 3735 782 3805 parocbia
796 3737 925 3794 videlicet

105 3837 133 3887 ct
158 3827 368 3897 festivitatibus,
393 3824 625 3883 archidiaconatu
647 3834 674 3883 et
697 3826 924 3899 archipresbyte-

102 3927 165 3976 ratu
178 3923 324 3983 consueta,
341 3923 368 3971 et
383 3914 524 3971 canonica
540 3915 747 3987 nominatione,
767 3923 794 3972 et
817 3932 925 3988 reprae-

4 3992 21 4059 ἶ.
102 4007 263 4065 sentations
278 4013 305 4061 et
319 4002 383 4060 aliis
397 4002 534 4074 antiquis,
550 4009 574 4060 ot
594 4003 780 4060 rationalibus
803 4020 924 4063 consue-

102 4093 252 4153 tudinibus
267 4093 395 4150 ccclesiae
411 4099 518 4160 uestro,
534 4107 572 4149 ne
586 4109 672 4165 super
687 4091 732 4149 bis
756 4094 873 4165 possetis
886 4095 923 4152 ab

99 4184 243 4256 aliquibus
257 4190 357 4240 contra
368 4182 521 4252 iustitiam,
537 4181 659 4254 latigari,
680 4183 843 4253 apostolica
857 4200 923 4256 pro·

100 4272 220 4331 visionis
234 4270 416 4344 dignaremur
425 4271 590 4343 presidium
599 4270 744 4329 adbibere.
755 4272 813 4329 Nos
825 4273 922 4345 igitur,

970 1883 1092 1954 singulis
1107 1886 1284 1956 persolvetis.
1300 1888 1377 1944 Nulli
1393 1904 1470 1960 orgo,
1486 1902 1541 1946 etc.

1012 1981 1113 2034 Datum
1129 1974 1272 2045 Laterani,
1287 1993 1328 2032 ιιι
1344 1977 1403 2034 Kal.
1418 1979 1508 2034 lunii.

1291 2082 1470 2158 nxrvuoo).

972 2270 1108 2326 ocurras
1128 2264 1276 2321 comitissae
1297 2263 1442 2321 uattituo
1462 2265 1493 2320 in
1512 2282 1563 2322 soc
1577 2264 1687 2321 diocesi
1703 2264 1793 2320 conn-

981 2343 988 2355 ⁸
1120 2359 1219 2411 stram
1233 2357 1347 2412 nornine
1360 2356 1500 2427 pontificia
1514 2358 1645 2428 recipiat.

1202 2443 1353 2517 (Laterani,
1370 2461 1390 2500 ιι
1405 2445 1446 2500 ld.
1464 2446 1554 2518 Maii.)

1008 2540 1105 2596 Fidem
1135 2542 1162 2592 ot
1185 2534 1364 2590 devotionem
1393 2542 1469 2590 tuarn
1492 2536 1521 2590 in
1552 2535 1651 2592 multis
1673 2535 1793 2606 experti,

973 2628 1155 2703 praesentium
1169 2623 1221 2682 tibi
1245 2622 1411 2680 auctoritate
1433 2625 1627 2696 concedimus,
1650 2631 1683 2681 ut
1707 2634 1795 2682 terras

974 2736 1037 2792 queo
1052 2719 1163 2773 luerunt
1179 2713 1259 2770 oona
1275 2713 1419 2769 memorio
1435 2715 1587 2771 comitissae
1601 2715 1749 2772 Matbildis
1764 2714 1796 2770 in

976 2818 1025 2865 tua
1052 2803 1168 2864 dioecesi
1183 2787 1394 2870 'consistentes
1423 2801 1465 2859 uel
1492 2811 1518 2859 et
1548 2807 1597 2860 tuo
1622 2803 1799 2876 episcopatui

974 2897 1148 2967 adjacentes,
1172 2891 1290 2948 nomine
1319 2896 1415 2946 nostro
1440 2892 1569 2962 recipias,
1591 2901 1619 2949 et
1642 2893 1798 2965 possessio·

975 3001 1042 3042 nem
1056 2981 1227 3054 ingrediaris
1240 2996 1348 3050 earum,
1364 2988 1392 3036 et
1406 2981 1513 3038 tructus
1527 2999 1562 3039 er
1577 2982 1636 3039 illis
1649 2982 1798 3054 percipias,

937 3074 962 3140 G
977 3082 1059 3149 prout
1073 3072 1178 3130 rideris
1190 3069 1332 3141 expedita.

1014 3169 1114 3221 Datum
1129 3160 1272 3230 Laterani,
1288 3175 1309 3215 ιι
1325 3158 1393 3216 ldus
1406 3159 1485 3217 Maii.

1347 3266 1428 3323 LXV.

1179 3445 1284 3519 Recipit
1298 3461 1342 3503 cor
1355 3446 1406 3502 sot
1419 3449 1599 3516 protectione.

1196 3537 1346 3608 (Laterani,
1362 3553 1391 3592 ιι
1405 3537 1463 3592 llal.
1480 3539 1581 3612 lunii.)

1014 3629 1102 3687 iustis
1120 3626 1287 3699 petentium,
1312 3630 1381 3696 etc,
1404 3642 1490 3699 usquc
1514 3645 1642 3699 assensu,
1664 3647 1801 3703 personas

979 3728 1006 3776 et
1022 3716 1227 3775 monasterium
1242 3721 1366 3771 vestrum
1382 3730 1448 3771 cum
1473 3716 1607 3773 omnibus
1632 3719 1715 3778 bonis
1739 3739 1800 3795 qua

980 3812 1010 3866 in
1044 3805 1271 3878 presentiarum,
1300 3812 1366 3872 etc,
1401 3819 1489 3876 araque
1522 3812 1696 3867 communis.
1727 3811 1793 3868 anl

980 3905 1125 3969 ergo,etc.

1016 3987 1118 4044 Datum
1135 3984 1272 4055 Laterani,
1289 3999 1316 4040 ιι
1333 3983 1392 4039 ltat.
1408 3983 1498 4042 lunii.

1288 4090 1375 4146 axvi
1394 4090 1482 4164 (rra.)

101 4369 219 4435 paterna
233 4361 311 4418 robis
324 4376 409 4432 snper
426 4359 472 4415 bis
494 4359 621 4417 volentes
645 4360 821 4432 inposterum
845 4361 923 4419 solli·
983 4365 1015 4422 tlt
1029 4360 1177 4434 inquirunt
1191 4358 1223 4415 dc
1239 4359 1277 4414 W.
1295 4359 1460 4427 traiectensi
1473 4361 1585 4430 menno,
1602 4366 1653 4436 qua·
1664 4381 1700 4422 eo
1718 4384 1804 4440 repu-

102 4452 229 4511 citudine
249 4450 405 4523 providere,
421 4450 586 4507 auctoritate
601 4451 785 4522 praesentium
796 4452 924 4509 districtc
939 4436 966 4501 D

103 4541 280 4612 inhibemus,
296 4556 333 4597 ne
347 4539 394 4598 cui
408 4539 491 4596 liccat
506 4553 565 4609 ros,
584 4537 626 4595 rel
648 4539 798 4596 ecclesiam
823 4541 925 4613 ipsam,

103 4645 189 4703 anper
203 4627 391 4701 dignitatibus
405 4626 567 4695 antedictis,
581 4634 608 4683 et
624 4627 750 4685 honestis
773 4637 926 4687 eonsuetu-

140 4806 215 4877 (tuo)
231 4804 300 4874 Quis
313 4804 408 4873 luerit,
431 4812 498 4862 tnnc
521 4805 669 4876 temporis,
693 4806 820 4863 demuus
837 4822 927 4864 sacrae

104 4878 222 4950 capettae
236 4873 432 4946 Divionensis,
447 4891 497 4946 pro
512 4879 590 4932 certo
604 4883 726 4932 statuere
748 4893 805 4934 non
827 4894 926 4948 possu-

107 4964 179 5007 mus.
197 4950 345 5020 llugonem
360 4948 371 5002 l
386 4948 420 5003 de
438 4948 527 5018 Lippo
551 4962 640 5018 nsque
660 4949 694 5003 ud
715 4964 824 5005 anunm
846 4950 925 5016 1195,

105 5037 171 5078 mox
187 5021 364 5085 immediate,
381 5020 428 5075 sed
445 5035 502 5074 non
517 5027 584 5074 aute
598 5034 705 5075 annum
723 5021 802 5086 1211,
818 5022 925 5078 Robor-

26 5136 31 5141 .
107 5101 165 5149 tum
181 5096 190 5145 1
206 5092 394 5158 rl'ltncenoys,
409 5105 443 5145 ex
463 5091 670 5161 instrumentis,
697 5100 855 5148 messuerunt
877 5108 926 5149 au·

106 5172 197 5219 utores
212 5161 308 5218 Gallia
323 5160 482 5229 certauere,
500 5169 567 5216 tom.
584 5159 628 5217 lll.
644 5163 699 5218 col.
714 5163 750 5218 85
770 5203 778 5217 .

142 5235 218 5307 (167)
233 5234 303 5290 Vide
318 5231 468 5304 epistolem
481 5231 546 5289 libri
565 5233 657 5304 quinti
673 5234 717 5288 13.

134 5305 444 5432 ἱ11118)Ι.ϊι1;ιιιιιιριι(1
461 5303 649 5374 Rayncldum,
672 5307 830 5362 ιι1ιιιιιιιιιι
847 5305 927 5377 tutti,

156 5415 217 5515 tio)
232 5448 304 5504 urae
319 5446 496 5519 naynataum
510 5446 544 5503 aa
559 5421 668 5503 sinum
685 5447 765 5515 taos,
782 5448 855 5519 5⁷⁷·

154 5519 217 5593 170)
232 5519 371 5578 Henricus
385 5519 420 5577 ad
437 5517 624 5576 Mantuanam
639 5519 735 5576 sedem
745 5518 865 5578 allectus
875 5520 929 5579 luit

1124 4431 1181 4488 lori
1191 4433 1252 4488 uita
1267 4430 1303 4486 od
1317 4432 1482 4489 seculorem
1496 4434 1656 4492 nuntiarat.

1219 4520 1371 4592 (Laterani,
1388 4520 1459 4577 idib.
1476 4521 1571 4584 Maii(

1017 4626 1158 4700 [consulti
1173 4642 1273 4684 sumus
1288 4627 1449 4698 frequenter
1462 4645 1478 4683 a
1492 4628 1602 4700 multis,
1614 4638 1710 4690 utrum
1722 4635 1803 4707 isqui

981 4821 1058 4863 anno
1073 4805 1151 4862 1191.
1168 4806 1283 4863 Proluit
1297 4821 1386 4878 usqua
1410 4807 1446 4863 ad
1467 4823 1575 4865 annum
1603 4811 1681 4881 1227,
1703 4812 1804 4870 saltem

981 4878 1134 5005 ggqugaead
1163 4893 1272 4935 annum
1301 4878 1381 4935 l220.
1413 4879 1530 4936 Ueneno.
1554 4879 1619 4937 ital.
1646 4898 1719 4941 anm.
1744 4892 1764 4940 t.
1781 4885 1804 4956 l,

1018 5022 1095 5088 (171)
1111 5019 1181 5076 Vide
1193 5019 1341 5089 epistolam
1356 5020 1424 5077 libri
1438 5022 1531 5093 quinti
1545 5023 1591 5088 96,
1607 5032 1667 5081 not.

1018 5094 1091 5162 (1721
1106 5094 1264 5163 itcperitur,
1281 5095 1329 5149 sed
1344 5093 1454 5160 mutila,
1470 5095 1544 5149 inter
1559 5095 1745 5165 Drecrctales,
1756 5098 1806 5154 lib.

983 5178 1024 5226 ru,
1039 5166 1081 5219 tit.
1090 5163 1135 5227 3l,
1149 5167 1188 5219 tie
1197 5165 1391 5231 erepatcrttns
1400 5174 1426 5221 et
1437 5166 1807 5252 transcuntitnaodretipio-

982 5250 1055 5301 areca,
1065 5250 1126 5306 cnp.
1142 5235 1186 5289 10.
1201 5236 1247 5290 ubi
1262 5236 1805 5310 1111111111Λίβὶριιιί,ι1ιιιιριίιιιι11.

981 5314 1007 5360 et
1022 5311 1054 5363 G.
1066 5308 1207 5362 cononicis
1224 5306 1451 5377 trajectensibus,
1464 5310 1573 5367 directa
1596 5311 1712 5371 dicitur.
1738 5314 1806 5378 Oua

982 5376 1042 5433 illic
1060 5379 1202 5449 leguntur,
1214 5379 1261 5435 bic
1277 5380 1357 5435 uncis
1368 5379 1478 5436 inclusa
1498 5387 1585 5453 sunt;
1599 5383 1681 5439 vario
1704 5383 1806 5442 lectio·

983 5462 1035 5505 nes
1046 5448 1161 5505 dantur.
