3780 6000
10 200 103 317 Ξίιιι
555 217 812 276 absumamus
830 213 1156 282 eenamcenam
1176 214 1256 275 taos.
1711 233 1764 291 002

10 324 37 399 ἶ
58 348 196 410 nattam
210 345 392 413 inhibemus,
406 361 444 402 ne
459 344 526 418 quis
540 360 600 416 aas,
616 344 666 417 qai
682 360 735 417 pro
754 348 887 416 tempore
901 341 928 410 Α
942 341 1142 400 Nidrosiensis
1174 344 1307 403 Ecclesia
1334 350 1452 419 pastore
1478 357 1603 425 vacaret,
1626 359 1655 412 et
1682 361 1763 432 tune,

18 426 25 431 ’
63 437 218 497 ιιιοιιιιιιιι
233 432 428 492 ecelesiistibi
438 431 501 504 lege
510 432 736 506 metropolitana
747 432 888 502 subjectis
943 432 1250 506 mandatumeapituli
1267 436 1403 506 ejusdem
1416 438 1547 497 ecclesias
1563 445 1672 516 requiri
1683 449 1768 505 volu·

10 552 13 587 3
59 527 160 596 electi,
175 527 207 583 in
217 526 373 598 episcopos
383 538 566 592 consecrare,
576 522 688 595 absque
698 527 749 579 tuo
764 520 809 577 vel
820 537 888 577 sua·
943 538 1010 577 mus
1025 528 1054 578 et
1066 540 1233 580 assensum.

13 638 23 647 ·
59 632 217 678 ausorum
228 613 504 685 tuorummandata,
516 618 685 687 prasumat,
696 612 752 668 nisi
765 611 886 668 forsitan
979 617 1097 683 Datum,
1112 630 1145 668 111
1161 613 1230 670 fdus
1249 614 1410 672 Februarii.

64 798 1762 839 zm&

543 986 1101 1150 thiOCENTH
1184 991 1289 1143 lfl

735 1260 876 1320 ΗΟΜΑΝΙ
895 1259 1095 1318 murieldis

205 1430 759 1567 nueus'toatitt
807 1429 986 1563 sivo
1044 1428 1619 1565 EPISTULARUM

703 1668 872 1755 LIBER
908 1665 1121 1754 NONUS.

550 2026 832 2086 PONNTIFIGATUS
851 2024 948 2082 aaut)
968 2023 1015 2094 tx,
1035 2024 1173 2081 CHRISTI
1192 2025 1272 2081 tzod.

442 2359 452 2411 l
469 2357 515 2426 (1).
904 2353 957 2420 B«
977 2347 1075 2419 3ιιιιοιι
1085 2349 1533 2426 inutiliterderalinquere,quod
1544 2357 1767 2430 sasalpiendum

59 2460 264 2504 munumina
286 2445 336 2514 [al.
352 2461 510 2513 rasmrsu,
523 2444 561 2499 al.
586 2459 739 2508 saeuiens,
752 2444 789 2499 at.
824 2457 890 2496 crs·
947 2456 961 2490 a
980 2436 1093 2493 utiliter
1108 2454 1166 2493 non
1180 2439 1301 2496 deberes
1314 2458 1526 2516 usquequaque
1540 2444 1634 2503 uifms
1647 2448 1697 2519 (3).

338 2535 454 2606 atreb-l
470 2550 616 2589 ¹¹³?15001'0·
985 2560 1045 2633 [(l)
1060 2563 1088 2617 Si
1104 2565 1179 2619 enim
1197 2565 1225 2619 in
1241 2563 1415 2637 hujusmodi
1430 2567 1564 2625 cessione
1579 2569 1694 2645 frugem
1715 2575 1769 2633 tibi

58 2643 140 2714 0¹⁸0‘l
153 2641 890 2727 ’²0¹²‚fllffl70l⁶⁶3³l⁰l²³mtflflffllllnlllfssstf’f‘lflfl
942 2653 1094 2715 sanctioris
1108 2654 1144 2724 (5)
1159 2653 1226 2708 vitae
1253 2656 1412 2726 promittis,
1429 2657 1504 2713 scire
1533 2662 1561 2714 fe
1590 2660 1680 2720 debes
1711 2682 1770 2723 nou

94 2730 159 2788 fu&
174 2729 316 2786 ‘immitti
325 2718 434 2783 martur
448 2718 649 2770 'elimam'
670 2713 766 2768 “we
784 2725 889 2782 ‘Vm'
943 2764 1008 2804 esse
1024 2742 1206 2800 sanctificato
1223 2742 1250 2797 ia
1269 2749 1350 2799 utero
1371 2746 1559 2820 sanctiorem,
1585 2754 1614 2806 et
1627 2749 1693 2809 ideo
1709 2770 1768 2812 non

96 2791 206 2860 patum
1211 2830 1216 2843 .
1268 2831 1275 2845 ο
1320 2832 1326 2844 .
1375 2834 1380 2844 ἱ

368 2876 440 2947 (ω,
466 2876 585 2947 Mami.)
943 2846 1065 2909 oportere
1088 2837 1116 2888 te
1129 2832 1344 2903 predicationis
1368 2850 1432 2904 Jnm
1468 2841 1609 2909 suscepta
1634 2840 1768 2900 desem„

93 2979 170 3051 [Nisi
184 2996 252 3037 cum
268 2979 393 3053 pridem]
409 3003 423 3031 «
447 2981 526 3052 (ttin
556 2981 652 3036 oldaia
683 2980 820 3050 pastorali
850 2979 886 3036 sd

60 3092 76 3123 a
96 3070 232 3128 divinum
246 3069 399 3125 servitium
429 3069 571 3137 accessiti,
594 3086 775 3141 preparasse
800 3076 828 3125 te
850 3070 886 3125 ad

58 3180 74 3211 a
95 3158 288 3216 tentationem
308 3158 442 3215 animum
458 3159 653 3224 crederemus,
669 3176 702 3215 ac
718 3160 886 3231 praevidisse

59 3268 75 3298 a
96 3247 269 3320 prudenter,
283 3248 886 3320 nequaquaminhumanafragilitatecon·

57 3357 73 3388 α
93 3338 212 3402 sistere,
228 3337 325 3392 uarios
339 3337 543 3408 angustiarum
564 3352 699 3409 angores,
716 3354 791 3407 quas
808 3343 835 3392 te
855 3338 885 3393 in

55 3447 71 3474 ι
94 3426 160 3497 ipsa
174 3424 290 3481 sciebas
304 3425 400 3481 afficio
430 3441 651 3497 perpessuram,
670 3442 754 3496 posse
774 3426 886 3497 absque

57 3535 72 3563 α
93 3527 203 3583 magna
213 3512 264 3568 Dei
273 3513 417 3582 adjutoria
428 3513 579 3579 sustinere,
588 3514 814 3569 formidaremus
826 3515 885 3569 aii·

56 3624 72 3653 a
91 3617 152 3673 que
167 3618 205 3658 ne
216 3601 354 3674 parvulas
366 3607 434 3657 tuas
450 3604 638 3673 postmodum
650 3603 685 3657 ad
699 3606 810 3673 petram
823 3603 885 3657 atti-

55 3712 70 3741 a
92 3692 163 3747 dere
176 3689 367 3762 neglexisses,
378 3707 488 3761 easque
501 3696 615 3745 tantum
633 3691 662 3745 in
675 3697 703 3746 te
714 3692 883 3762 permiseris

56 3802 72 3829 a
95 3778 288 3845 invalescere,
298 3786 330 3834 ut
341 3779 347 3833 i
353 3795 473 3850 psoram
485 3781 707 3850 suggerentium
720 3779 772 3835 tibi
783 3797 882 3835 susce·

58 3889 73 3919 a
92 3867 137 3940 pti
153 3867 312 3923 ministerii
327 3869 489 3924 cessionem
502 3869 649 3923 instantia
659 3868 774 3939 vixjam
787 3868 884 3925 valeas

58 3977 74 4008 a
91 3971 271 4029 repugnare.
287 3955 406 4025 Verum,
436 3957 587 4028 quoniam,
616 3958 694 4012 sicut
722 3958 882 4029 credimus,

57 4067 72 4097 ι
93 4061 164 4101 curn
175 4051 204 4102 ts
218 4046 308 4102 scires
322 4057 423 4101 rantra
434 4045 604 4117 spirituales
614 4046 761 4118 nequitias
771 4062 884 4118 pugna·

56 4155 72 4186 a
92 4140 209 4204 tarum,
223 4140 404 4191 armaturam
419 4135 478 4200 Dei,
496 4152 555 4207 qua
571 4152 672 4207 posses
688 4140 767 4191 stare
782 4141 885 4192 contra

55 4242 69 4275 s
90 4223 217 4279 insidias
228 4226 392 4291 tantaleas,
408 4225 444 4280 ab
456 4224 595 4296 apostola
608 4224 737 4280 monitus
747 4224 884 4293 induisti,

55 4332 71 4362 α
90 4320 121 4368 at
135 4312 306 4384 inexpertus
318 4330 375 4369 non
391 4313 533 4387 ignorasti
549 4312 761 4369 sollicitudinis
782 4319 884 4385 pasta·

52 4420 69 4451 a
91 4399 163 4456 ratis
177 4402 342 4475 angustias,
360 4419 434 4474 quas
450 4402 548 4458 forsan
565 4406 701 4474 expertus
729 4400 882 4469 abhorres,

53 4510 70 4541 a
90 4489 243 4546 nescimus
257 4507 310 4546 cur
321 4496 381 4548 tam
402 4490 547 4549 instanter
562 4496 732 4562 susceptam
749 4489 820 4545 velis
836 4506 883 4547 re·

91 4676 129 4748 ff)
144 4675 282 4748 Epistola
299 4677 388 4750 hujus
404 4679 569 4750 fragmenta
585 4677 811 4750 reperiunturin
828 4676 881 4732 De·

55 4746 228 4829 eratalibus,
242 4748 293 4804 fib.
311 4767 332 4812 1,
350 4751 438 4817 tite,
455 4753 492 4805 lle
506 4753 729 4818 renuntiatione,
745 4766 809 4821 cap.
837 4749 882 4816 10,

55 4819 107 4874 ubi
124 4834 248 4891 episcopo
263 4820 420 4877 Arelatensi
434 4823 544 4878 directa
559 4823 675 4877 dieitur.

93 4892 224 4948 mennas
241 4892 299 4947 fere
315 4909 418 4950 ornnes
430 4895 556 4967 explevit
571 4894 709 4960 Pitabus,
725 4908 759 4947 ex
772 4891 881 4947 veteri·

54 4963 115 5018 bue
135 4964 220 5017 codd.
237 4963 329 5020 Vatia.

89 5032 161 5098 Nos,
177 5035 335 5108 integram.
351 5037 542 5108 numerisque
558 5036 697 5091 omnibus
713 5031 880 5089 absolutam

54 5104 241 5175 exhibemus,
258 5109 294 5163 ad
311 5107 397 5163 fidem
414 5108 575 5192 apographi
590 5106 684 5163 Genti.
702 5106 769 5170 Quae
780 5104 810 5159 in
829 5088 920 5159 fle-ll

54 5176 217 5234 cratalrbus
233 5178 382 5251 leguntur,
400 5179 446 5234 hic
464 5197 548 5235 uucrs
568 5180 684 5234 inclusa
708 5181 799 5243 sunt;
815 5192 880 5247 que

54 5249 135 5318 apud
151 5248 296 5307 Piranum
311 5251 342 5306 in
359 5253 573 5317 additionibus,
589 5249 700 5321 duplici
711 5249 748 5303 ad
760 5248 877 5303 initium

53 5321 200 5403 cujusque
215 5323 282 5377 tinae
293 5324 323 5378 in
335 5325 468 5396 margine
479 5323 592 5396 virgula
602 5320 796 5378 dixtinximus
809 5362 816 5389 ,
827 5336 878 5376 aa·

53 5407 114 5445 rras
125 5397 212 5447 ettam
226 5393 377 5460 lectiones,
388 5400 449 5450 tarn
461 5414 494 5451 er
506 5394 706 5451 Decretaiibus
719 5391 804 5462 ipsis,
814 5397 878 5448 tum

53 5478 88 5518 ex
100 5463 305 5522 additionibus
320 5467 396 5538 apud
414 5467 569 5536 Pithnsum,
583 5469 617 5522 ad
649 5464 789 5535 majorem
809 5463 879 5520 difi-

52 5534 197 5607 gsntiam,
213 5537 390 5594 notavimus.

944 2923 1153 2989 ministerium,
1171 2938 1238 2977 cum
1255 2920 1315 2989 ille,
1332 2923 1417 2995 cujus
1436 2930 1503 2980 unte
1518 2926 1553 2997 (6)
1570 2927 1632 2984 fiori
1648 2930 1767 3002 bajulas

943 3013 1109 3083 recusabat,
1127 3011 1247 3067 tandem
1261 3011 1479 3083 predicandum
1493 3019 1625 3088 ratperti
1636 3017 1686 3075 Dei
1700 3036 1768 3077 ver·

944 3104 1027 3158 burn.

977 3215 1094 3284 Quodsi
1106 3214 1205 3271 forsan
1216 3215 1393 3272 hamilitatis
1404 3234 1495 3274 causa
1505 3221 1541 3276 de
1550 3220 1681 3280 culmine
1691 3241 1768 3295 qua·

941 3309 982 3364 ris
991 3308 1148 3379 pontificali
1163 3307 1348 3376 descendere,
1360 3325 1403 3376 aa,
1415 3315 1513 3366 costra
1539 3313 1654 3383 superni
1682 3319 1765 3373 aufus

939 3396 1108 3462 arbitrium,
1124 3395 1219 3450 datum
1233 3393 1285 3450 libi
1298 3411 1348 3462 per
1362 3395 1544 3453 illudaitare'r
1553 3399 1678 3457 deserere
1690 3418 1765 3473 prae-
1880 3434 1888 3445 -

937 3486 1062 3542 salutum
1076 3485 1123 3554 (i),
1139 3498 1172 3539 eo
1188 3485 1251 3554 ipso
1279 3485 1386 3541 videris
1414 3485 1589 3545 humilitatis
1603 3492 1710 3563 eripere
1723 3491 1760 3564 (8)

939 3574 1014 3629 male
1028 3572 1174 3640 verticem,
1189 3589 1247 3642 quo
1263 3578 1290 3627 tu
1308 3573 1396 3629 nimis
1413 3575 1441 3629 in
1471 3577 1638 3649 resignandi
1653 3596 1762 3653 propo·

941 3662 997 3718 sito
1024 3662 1142 3717 exhibes
1170 3663 1358 3733 pertinacem,
1382 3664 1451 3733 quia
1478 3672 1548 3721 tuno
1575 3669 1762 3726 intereram

939 3750 1135 3807 humilitatem
1165 3752 1325 3819 custodies,
1350 3769 1417 3809 cum
1448 3758 1476 3809 at
1500 3772 1638 3826 peream
1665 3758 1762 3815 locum

938 3841 1098 3897 sublimem
1128 3839 1234 3910 fugies,
1262 3846 1292 3896 et
1319 3857 1369 3913 per
1403 3843 1600 3901 obedientiam
1630 3863 1688 3904 nan
1717 3849 1764 3904 di-

939 3931 1049 3987 mittes.

974 4046 1082 4101 Intueri
1094 4049 1123 4100 te
1138 4046 1249 4116 itaque,
1264 4047 1436 4104 venerabilia
1444 4048 1536 4122 frater
1546 4051 1576 4105 in
1592 4051 1699 4109 Christo
1713 4052 1760 4126 (9),

938 4133 1085 4203 uolumus,
1102 4135 1177 4206 quod
1195 4134 1256 4189 hac
1272 4139 1342 4190 sunt
1356 4135 1417 4203 ilfa,
1433 4144 1552 4210 propter
1572 4155 1636 4211 quae
1667 4146 1762 4214 potest

938 4223 1058 4280 cedendi
1076 4222 1231 4294 spiscopus
1246 4224 1338 4292 atficta
1350 4225 1487 4295 pastorali
1500 4226 1646 4282 licentiam
1663 4234 1763 4301 postu-

938 4311 1009 4382 lare)
1025 4310 1205 4367 conscientia
1226 4312 1370 4379 criminis,
1388 4314 1526 4370 debilitas
1555 4317 1697 4389 eorporis,
1710 4318 1762 4372 de·

938 4402 1030 4458 fectus
1042 4399 1181 4468 scientiae,
1190 4400 1301 4455 malitia
1312 4401 1417 4471 plebis,
1425 4401 1687 4476 irregularitasque
1697 4422 1763 4478 par·
1870 4446 1873 4451 -

938 4506 1026 4545 sona.

973 4676 1008 4747 (2)
1024 4676 1092 4740 Qua
1121 4677 1262 4742 sequntur
1286 4675 1395 4731 desunt
1423 4676 1452 4732 in
1477 4677 1760 4738 Decretafihus.1.e·

937 4753 1054 4873 ςιιιιιιὲιέ
1072 4745 1102 4800 in
1120 4744 1332 4816 additionibus,
1354 4747 1475 4806 edition.
1491 4750 1618 4810 Pithran.
1635 4757 1705 4810 tam.
1722 4755 1759 4823 ff,

957 4836 974 4875 a
998 4860 1003 4872 .
1057 4858 1064 4871 .

937 4837 954 4892 p
973 4835 1010 4960 (⁸31
1026 4890 1087 4944 Huc
1103 4903 1196 4960 usque
1213 4889 1350 4962 Pithoeus,
1367 4890 1396 4945 in
1418 4893 1498 4963 add,
1512 4896 1564 4966 qui
1591 4895 1662 4967 legit
1690 4896 1758 4953 irri-

937 4970 996 5018 tare
1013 4978 1063 5033 pra
1077 4962 1181 5015 vitare.

972 5035 1007 5104 (t)
1023 5032 1090 5096 Oua
1104 5037 1280 5102 sequantur,
1294 5033 1323 5087 in
1339 5033 1552 5093 Decretalibus.

971 5106 1006 5174 (5)
1022 5104 1055 5158 lu
1071 5102 1215 5158 Decrctal.
1232 5105 1325 5173 deest,
1350 5121 1414 5176 que
1444 5124 1510 5163 mos
1534 5108 1663 5165 melioris
1691 5108 1762 5184 legit

934 5191 986 5247 pro
996 5179 1083 5231 ranei.
1100 5181 1129 5231 at
1144 5179 1250 5246 oportet
1266 5193 1318 5247 pro
1333 5183 1477 5248 oporteret.

969 5248 1006 5388 (fig
1017 5245 1761 5328 Decretalom3etmoxruaoeperr'fleguntprarecep.

969 5320 978 5388 (
1022 5321 1087 5372 flac
1099 5318 1246 5372 desuntrn
1262 5318 1401 5376 Decretst.

969 5390 995 5531 *8
1022 5387 1174 5457 Decretal.,
1190 5390 1304 5462 stipere.

977 5462 996 5517 9
1019 5460 1154 5542 Desuunt
1181 5460 1210 5515 in
1237 5461 1393 5529 Decretal.,
1409 5465 1443 5517 ut
1470 5479 1534 5535 qua
1549 5467 1754 5542 sequntaropi.

930 5536 1006 5606 past.
1022 5530 1142 5587 etenira
1155 5540 1226 5604 past.
1243 5532 1294 5607 off.
1310 5537 1340 5589 ei
1354 5532 1487 5592 voculam
1501 5535 1597 5594 etiam
