<?xml version="1.0" encoding="UTF-8"?>
<!DOCTYPE html PUBLIC "-//W3C//DTD XHTML 1.0 Transitional//EN"
    "http://www.w3.org/TR/xhtml1/DTD/xhtml1-transitional.dtd">
<html xmlns="http://www.w3.org/1999/xhtml" xml:lang="en" lang="en">
 <head>
  <title>
</title>
<meta http-equiv="Content-Type" content="text/html;charset=utf-8" />
  <meta name='ocr-system' content='tesseract 3.04.00' />
  <meta name='ocr-capabilities' content='ocr_page ocr_carea ocr_par ocr_line ocrx_word'/>
</head>
<body>
  <div class='ocr_page' id='page_1' title='image "./patrologiaecurs41unkngoog/patrologiaecurs41unkngoog_0738.png"; bbox 0 0 3780 6000; ppageno 0'>
   <div class='ocr_carea' id='block_1_1' title="bbox 85 260 1792 332">
    <p class='ocr_par' dir='ltr' id='par_1_1' title="bbox 85 260 1792 332">
     <span class='ocr_line' id='line_1_1' title="bbox 85 260 1792 332; baseline -0.002 -7"><span class='ocrx_word' id='word_1_1' title='bbox 85 269 155 325; x_wconf 82' lang='grc'>1165</span> <span class='ocrx_word' id='word_1_2' title='bbox 581 264 844 325; x_wconf 65' lang='lat' dir='ltr'><strong>consistentis</strong></span> <span class='ocrx_word' id='word_1_3' title='bbox 861 263 961 323; x_wconf 70' lang='lat' dir='ltr'><strong>tutto</strong></span> <span class='ocrx_word' id='word_1_4' title='bbox 978 263 1029 332; x_wconf 75' lang='lat' dir='ltr'><strong>XI,</strong></span> <span class='ocrx_word' id='word_1_5' title='bbox 1046 264 1192 323; x_wconf 76' lang='lat' dir='ltr'><strong>cnstsrt</strong></span> <span class='ocrx_word' id='word_1_6' title='bbox 1212 263 1293 323; x_wconf 77' lang='lat'><strong>1208.</strong></span> <span class='ocrx_word' id='word_1_7' title='bbox 1720 260 1792 321; x_wconf 73' lang='lat' dir='ltr'><strong>libb</strong></span> 
     </span>
    </p>
   </div>
   <div class='ocr_carea' id='block_1_2' title="bbox 80 390 1873 5461">
    <p class='ocr_par' dir='ltr' id='par_1_2' title="bbox 80 390 1873 5461">
     <span class='ocr_line' id='line_1_2' title="bbox 86 390 1791 466; baseline -0.004 -12"><span class='ocrx_word' id='word_1_8' title='bbox 86 397 189 454; x_wconf 85' lang='lat' dir='ltr'><strong>bernus</strong></span> <span class='ocrx_word' id='word_1_9' title='bbox 204 411 240 452; x_wconf 89' lang='lat' dir='ltr'><strong>ne</strong></span> <span class='ocrx_word' id='word_1_10' title='bbox 254 395 400 452; x_wconf 88' lang='lat' dir='ltr'><strong>deiectum</strong></span> <span class='ocrx_word' id='word_1_11' title='bbox 417 396 540 451; x_wconf 74' lang='lat' dir='ltr'><strong>fratrom</strong></span> <span class='ocrx_word' id='word_1_12' title='bbox 557 392 637 466; x_wconf 87' lang='lat' dir='ltr'><strong>prior</strong></span> <span class='ocrx_word' id='word_1_13' title='bbox 647 390 793 449; x_wconf 89' lang='lat' dir='ltr'><strong>malitiose</strong></span> <span class='ocrx_word' id='word_1_14' title='bbox 807 406 911 463; x_wconf 89' lang='lat' dir='ltr'><strong>procu·</strong></span> <span class='ocrx_word' id='word_1_15' title='bbox 923 390 951 459; x_wconf 77' lang='lat' dir='ltr'>A</span> <span class='ocrx_word' id='word_1_16' title='bbox 967 390 1052 447; x_wconf 78' lang='lat' dir='ltr'>ritate</span> <span class='ocrx_word' id='word_1_17' title='bbox 1068 391 1237 449; x_wconf 74' lang='lat' dir='ltr'><strong>curavimus</strong></span> <span class='ocrx_word' id='word_1_18' title='bbox 1253 392 1413 466; x_wconf 84' lang='lat' dir='ltr'><strong>apostolica</strong></span> <span class='ocrx_word' id='word_1_19' title='bbox 1426 391 1600 448; x_wconf 81' lang='lat' dir='ltr'><strong>confirmare</strong></span> <span class='ocrx_word' id='word_1_20' title='bbox 1614 392 1682 463; x_wconf 88' lang='lat'><strong>(80).</strong></span> <span class='ocrx_word' id='word_1_21' title='bbox 1710 393 1791 459; x_wconf 82' lang='lat' dir='ltr'><strong>Quo·</strong></span> 
     </span>
     <span class='ocr_line' id='line_1_3' title="bbox 84 479 1789 556; baseline -0.003 -15"><span class='ocrx_word' id='word_1_22' title='bbox 84 486 192 556; x_wconf 88' lang='lat' dir='ltr'><strong>ret‚sed</strong></span> <span class='ocrx_word' id='word_1_23' title='bbox 207 500 275 542; x_wconf 88' lang='lat' dir='ltr'><strong>enm</strong></span> <span class='ocrx_word' id='word_1_24' title='bbox 286 500 433 541; x_wconf 90' lang='lat' dir='ltr'><strong>consensu</strong></span> <span class='ocrx_word' id='word_1_25' title='bbox 446 483 567 539; x_wconf 89' lang='lat' dir='ltr'><strong>rectoris</strong></span> <span class='ocrx_word' id='word_1_26' title='bbox 576 486 605 538; x_wconf 89' lang='lat' dir='ltr'><strong>ct</strong></span> <span class='ocrx_word' id='word_1_27' title='bbox 615 482 745 538; x_wconf 78' lang='lat' dir='ltr'><strong>iamiliire</strong></span> <span class='ocrx_word' id='word_1_28' title='bbox 755 479 911 553; x_wconf 86' lang='lat' dir='ltr'><strong>hospitalis</strong></span> <span class='ocrx_word' id='word_1_29' title='bbox 965 480 1042 536; x_wconf 90' lang='lat' dir='ltr'><strong>circa</strong></span> <span class='ocrx_word' id='word_1_30' title='bbox 1056 482 1202 538; x_wconf 88' lang='lat' dir='ltr'><strong>devotioni</strong></span> <span class='ocrx_word' id='word_1_31' title='bbox 1218 488 1319 539; x_wconf 76' lang='lat' dir='ltr'><strong>vestras</strong></span> <span class='ocrx_word' id='word_1_32' title='bbox 1333 499 1383 554; x_wconf 92' lang='lat' dir='ltr'><strong>per</strong></span> <span class='ocrx_word' id='word_1_33' title='bbox 1397 480 1554 554; x_wconf 85' lang='lat' dir='ltr'><strong>apostolica</strong></span> <span class='ocrx_word' id='word_1_34' title='bbox 1567 480 1677 552; x_wconf 88' lang='lat' dir='ltr'><strong>scripta</strong></span> <span class='ocrx_word' id='word_1_35' title='bbox 1689 480 1789 553; x_wconf 82' lang='lat' dir='ltr'><strong>praci-</strong></span> 
     </span>
     <span class='ocr_line' id='line_1_4' title="bbox 82 569 1788 645; baseline -0.005 -13"><span class='ocrx_word' id='word_1_36' title='bbox 82 575 189 632; x_wconf 88' lang='lat' dir='ltr'><strong>lratrsa</strong></span> <span class='ocrx_word' id='word_1_37' title='bbox 205 574 268 630; x_wconf 87' lang='lat' dir='ltr'><strong>sinc</strong></span> <span class='ocrx_word' id='word_1_38' title='bbox 280 572 454 630; x_wconf 85' lang='lat' dir='ltr'><strong>dilticultate</strong></span> <span class='ocrx_word' id='word_1_39' title='bbox 470 572 601 645; x_wconf 78' lang='lat' dir='ltr'><strong>recipiat,</strong></span> <span class='ocrx_word' id='word_1_40' title='bbox 613 571 849 645; x_wconf 65' lang='lat' dir='ltr'><strong>quandocunque</strong></span> <span class='ocrx_word' id='word_1_41' title='bbox 860 586 910 626; x_wconf 91' lang='lat' dir='ltr'><strong>ne·</strong></span> <span class='ocrx_word' id='word_1_42' title='bbox 965 569 1071 640; x_wconf 92' lang='lat' dir='ltr'><strong>picndo</strong></span> <span class='ocrx_word' id='word_1_43' title='bbox 1088 572 1266 627; x_wconf 84' lang='lat' dir='ltr'><strong>mandamus</strong></span> <span class='ocrx_word' id='word_1_44' title='bbox 1281 575 1428 643; x_wconf 88' lang='lat' dir='ltr'><strong>quatenus</strong></span> <span class='ocrx_word' id='word_1_45' title='bbox 1444 569 1468 625; x_wconf 94' lang='lat' dir='ltr'><strong>ei</strong></span> <span class='ocrx_word' id='word_1_46' title='bbox 1485 570 1520 625; x_wconf 90' lang='lat' dir='ltr'><strong>dc</strong></span> <span class='ocrx_word' id='word_1_47' title='bbox 1531 573 1633 625; x_wconf 83' lang='lat' dir='ltr'><strong>cataro</strong></span> <span class='ocrx_word' id='word_1_48' title='bbox 1646 574 1788 641; x_wconf 89' lang='lat' dir='ltr'><strong>tanquam</strong></span> 
     </span>
     <span class='ocr_line' id='line_1_5' title="bbox 83 658 1787 736; baseline -0.004 -15"><span class='ocrx_word' id='word_1_49' title='bbox 83 665 206 721; x_wconf 89' lang='lat' dir='ltr'><strong>cessitas</strong></span> <span class='ocrx_word' id='word_1_50' title='bbox 215 661 404 736; x_wconf 83' lang='lat' dir='ltr'><strong>postulaverit</strong></span> <span class='ocrx_word' id='word_1_51' title='bbox 417 682 425 731; x_wconf 81' lang='lat'><em>3</em></span> <span class='ocrx_word' id='word_1_52' title='bbox 440 662 567 734; x_wconf 87' lang='lat' dir='ltr'><strong>itaquod</strong></span> <span class='ocrx_word' id='word_1_53' title='bbox 580 660 603 716; x_wconf 90' lang='lat' dir='ltr'><strong>si</strong></span> <span class='ocrx_word' id='word_1_54' title='bbox 616 659 691 715; x_wconf 90' lang='lat' dir='ltr'><strong>hanc</strong></span> <span class='ocrx_word' id='word_1_55' title='bbox 704 658 911 731; x_wconf 73' lang='lat' dir='ltr'><strong>contempserit</strong></span> <span class='ocrx_word' id='word_1_56' title='bbox 965 658 1075 730; x_wconf 90' lang='lat' dir='ltr'><strong>pastori</strong></span> <span class='ocrx_word' id='word_1_57' title='bbox 1090 664 1186 716; x_wconf 85' lang='lat' dir='ltr'><strong>restro</strong></span> <span class='ocrx_word' id='word_1_58' title='bbox 1202 661 1311 716; x_wconf 90' lang='lat' dir='ltr'><strong>curetis</strong></span> <span class='ocrx_word' id='word_1_59' title='bbox 1322 658 1520 716; x_wconf 89' lang='lat' dir='ltr'><strong>obedientiam</strong></span> <span class='ocrx_word' id='word_1_60' title='bbox 1544 662 1574 715; x_wconf 90' lang='lat' dir='ltr'><strong>et</strong></span> <span class='ocrx_word' id='word_1_61' title='bbox 1591 658 1787 715; x_wconf 84' lang='lat' dir='ltr'><strong>reverentiam</strong></span> 
     </span>
     <span class='ocr_line' id='line_1_6' title="bbox 80 746 1581 826; baseline -0.003 -19"><span class='ocrx_word' id='word_1_62' title='bbox 80 754 262 826; x_wconf 82' lang='lat' dir='ltr'><strong>jussionem,</strong></span> <span class='ocrx_word' id='word_1_63' title='bbox 279 755 434 824; x_wconf 83' lang='lat' dir='ltr'><strong>postquam</strong></span> <span class='ocrx_word' id='word_1_64' title='bbox 450 748 552 806; x_wconf 87' lang='lat' dir='ltr'><strong>detali</strong></span> <span class='ocrx_word' id='word_1_65' title='bbox 573 749 660 804; x_wconf 84' lang='lat' dir='ltr'><strong>inerit</strong></span> <span class='ocrx_word' id='word_1_66' title='bbox 681 746 911 820; x_wconf 76' lang='lat' dir='ltr'><strong>presumptione</strong></span> <span class='ocrx_word' id='word_1_67' title='bbox 963 747 1100 805; x_wconf 84' lang='lat' dir='ltr'><strong>exhibere</strong></span> <span class='ocrx_word' id='word_1_68' title='bbox 1115 749 1314 805; x_wconf 88' lang='lat' dir='ltr'><strong>tamdebitam</strong></span> <span class='ocrx_word' id='word_1_69' title='bbox 1332 765 1421 821; x_wconf 89' lang='lat' dir='ltr'><strong>quam</strong></span> <span class='ocrx_word' id='word_1_70' title='bbox 1437 749 1581 804; x_wconf 84' lang='lat' dir='ltr'><strong>devotam.</strong></span> 
     </span>
     <span class='ocr_line' id='line_1_7' title="bbox 83 836 1787 914; baseline -0.004 -14"><span class='ocrx_word' id='word_1_71' title='bbox 83 843 245 906; x_wconf 86' lang='lat' dir='ltr'><strong>convictus,</strong></span> <span class='ocrx_word' id='word_1_72' title='bbox 255 845 357 914; x_wconf 83' lang='lat' dir='ltr'><strong>prater</strong></span> <span class='ocrx_word' id='word_1_73' title='bbox 366 857 480 913; x_wconf 85' lang='lat' dir='ltr'><strong>poenam</strong></span> <span class='ocrx_word' id='word_1_74' title='bbox 492 840 664 896; x_wconf 89' lang='lat' dir='ltr'><strong>canonicam</strong></span> <span class='ocrx_word' id='word_1_75' title='bbox 675 853 764 910; x_wconf 87' lang='lat' dir='ltr'><strong>quam</strong></span> <span class='ocrx_word' id='word_1_76' title='bbox 780 836 838 893; x_wconf 94' lang='lat' dir='ltr'><strong>sibi</strong></span> <span class='ocrx_word' id='word_1_77' title='bbox 849 851 910 891; x_wconf 91' lang='lat' dir='ltr'><strong>me·</strong></span> <span class='ocrx_word' id='word_1_78' title='bbox 998 837 1105 893; x_wconf 84' lang='lat' dir='ltr'><strong>Datum</strong></span> <span class='ocrx_word' id='word_1_79' title='bbox 1119 838 1318 911; x_wconf 75' lang='lat' dir='ltr'><strong>Ferentini,[1v</strong></span> <span class='ocrx_word' id='word_1_80' title='bbox 1329 838 1427 895; x_wconf 89' lang='lat' dir='ltr'><strong>Nonas</strong></span> <span class='ocrx_word' id='word_1_81' title='bbox 1442 836 1586 905; x_wconf 85' lang='lat' dir='ltr'><strong>Octobris,</strong></span> <span class='ocrx_word' id='word_1_82' title='bbox 1599 836 1787 909; x_wconf 81' lang='lat' dir='ltr'><strong>pontificatus</strong></span> 
     </span>
     <span class='ocr_line' id='line_1_8' title="bbox 84 927 1332 1003; baseline -0.006 -14"><span class='ocrx_word' id='word_1_83' title='bbox 84 931 339 1003; x_wconf 72' lang='lat' dir='ltr'><strong>retnriniligiper</strong></span> <span class='ocrx_word' id='word_1_84' title='bbox 349 936 489 986; x_wconf 89' lang='lat' dir='ltr'><strong>rectorem</strong></span> <span class='ocrx_word' id='word_1_85' title='bbox 498 927 676 986; x_wconf 77' lang='lat' dir='ltr'><strong>etfamiliam</strong></span> <span class='ocrx_word' id='word_1_86' title='bbox 687 944 722 984; x_wconf 88' lang='lat' dir='ltr'><strong>ss</strong></span> <span class='ocrx_word' id='word_1_87' title='bbox 730 928 793 984; x_wconf 88' lang='lat' dir='ltr'><strong>vice</strong></span> <span class='ocrx_word' id='word_1_88' title='bbox 804 927 910 983; x_wconf 86' lang='lat' dir='ltr'><strong>iratres</strong></span> <span class='ocrx_word' id='word_1_89' title='bbox 963 927 1055 983; x_wconf 78' lang='lat' dir='ltr'><strong>nostri</strong></span> <span class='ocrx_word' id='word_1_90' title='bbox 1072 944 1149 983; x_wconf 92' lang='lat' dir='ltr'><strong>anno</strong></span> <span class='ocrx_word' id='word_1_91' title='bbox 1164 927 1332 985; x_wconf 88' lang='lat' dir='ltr'><strong>undecimo.</strong></span> 
     </span>
     <span class='ocr_line' id='line_1_9' title="bbox 85 1015 1400 1092; baseline -0.005 -14"><span class='ocrx_word' id='word_1_92' title='bbox 85 1019 267 1092; x_wconf 86' lang='lat' dir='ltr'><strong>inhospitali</strong></span> <span class='ocrx_word' id='word_1_93' title='bbox 282 1019 333 1092; x_wconf 90' lang='lat' dir='ltr'><strong>qui</strong></span> <span class='ocrx_word' id='word_1_94' title='bbox 347 1018 503 1076; x_wconf 86' lang='lat' dir='ltr'><strong>necessarii</strong></span> <span class='ocrx_word' id='word_1_95' title='bbox 519 1019 627 1075; x_wconf 87' lang='lat' dir='ltr'><strong>inerint</strong></span> <span class='ocrx_word' id='word_1_96' title='bbox 648 1017 821 1074; x_wconf 77' lang='lat' dir='ltr'><strong>ordinentur</strong></span> <span class='ocrx_word' id='word_1_97' title='bbox 845 1015 910 1090; x_wconf 89' lang='lat' dir='ltr'><strong>ipso</strong></span> <span class='ocrx_word' id='word_1_98' title='bbox 1346 1016 1400 1072; x_wconf 86' lang='lat' dir='ltr'><strong>CL.</strong></span> 
     </span>
     <span class='ocr_line' id='line_1_10' title="bbox 85 1108 1786 1184; baseline -0.005 -17"><span class='ocrx_word' id='word_1_99' title='bbox 85 1110 204 1184; x_wconf 88' lang='lat' dir='ltr'><strong>penitus</strong></span> <span class='ocrx_word' id='word_1_100' title='bbox 217 1108 396 1166; x_wconf 90' lang='lat' dir='ltr'><strong>inconsulto.</strong></span> <span class='ocrx_word' id='word_1_101' title='bbox 962 1120 1562 1169; x_wconf 68' lang='lat' dir='ltr'><strong>accusassarsrosacasarrascanrrroaaaa</strong></span> <span class='ocrx_word' id='word_1_102' title='bbox 1572 1119 1786 1160; x_wconf 70' lang='lat' dir='ltr'><strong>versarcoorca.</strong></span> 
     </span>
     <span class='ocr_line' id='line_1_11' title="bbox 121 1195 1677 1271; baseline -0.004 -16"><span class='ocrx_word' id='word_1_103' title='bbox 121 1200 226 1256; x_wconf 86' lang='lat' dir='ltr'><strong>Datum</strong></span> <span class='ocrx_word' id='word_1_104' title='bbox 237 1199 326 1267; x_wconf 72' lang='lat' dir='ltr'><strong>Sora,</strong></span> <span class='ocrx_word' id='word_1_105' title='bbox 343 1214 372 1254; x_wconf 80' lang='lat' dir='ltr'><strong>rr</strong></span> <span class='ocrx_word' id='word_1_106' title='bbox 386 1198 459 1254; x_wconf 91' lang='lat' dir='ltr'><strong>Non.</strong></span> <span class='ocrx_word' id='word_1_107' title='bbox 478 1196 615 1271; x_wconf 77' lang='lat' dir='ltr'><strong>Augusti,</strong></span> <span class='ocrx_word' id='word_1_108' title='bbox 635 1195 825 1269; x_wconf 82' lang='lat' dir='ltr'><strong>pontificatus</strong></span> <span class='ocrx_word' id='word_1_109' title='bbox 840 1212 907 1252; x_wconf 92' lang='lat' dir='ltr'><strong>nos·</strong></span> <span class='ocrx_word' id='word_1_110' title='bbox 1070 1196 1106 1250; x_wconf 79' lang='lat' dir='ltr'><strong>De</strong></span> <span class='ocrx_word' id='word_1_111' title='bbox 1119 1195 1253 1252; x_wconf 82' lang='lat' dir='ltr'><strong>electione</strong></span> <span class='ocrx_word' id='word_1_112' title='bbox 1272 1196 1423 1253; x_wconf 75' lang='lat' dir='ltr'><strong>abbatissas</strong></span> <span class='ocrx_word' id='word_1_113' title='bbox 1436 1195 1470 1252; x_wconf 86' lang='lat' dir='ltr'><strong>de</strong></span> <span class='ocrx_word' id='word_1_114' title='bbox 1486 1195 1677 1265; x_wconf 76' lang='lat' dir='ltr'><strong>tloatianoao.</strong></span> 
     </span>
     <span class='ocr_line' id='line_1_12' title="bbox 83 1285 1432 1359; baseline 0.001 -17"><span class='ocrx_word' id='word_1_115' title='bbox 83 1285 120 1343; x_wconf 93' lang='lat' dir='ltr'><strong>tri</strong></span> <span class='ocrx_word' id='word_1_116' title='bbox 137 1303 214 1344; x_wconf 91' lang='lat' dir='ltr'><strong>anno</strong></span> <span class='ocrx_word' id='word_1_117' title='bbox 231 1287 398 1344; x_wconf 89' lang='lat' dir='ltr'><strong>undecimo.</strong></span> <span class='ocrx_word' id='word_1_118' title='bbox 1322 1286 1432 1359; x_wconf 72' lang='lat' dir='ltr'><strong>(Sora.)</strong></span> 
     </span>
     <span class='ocr_line' id='line_1_13' title="bbox 427 1372 1788 1448; baseline -0.001 -15"><span class='ocrx_word' id='word_1_119' title='bbox 427 1375 571 1433; x_wconf 75' lang='lat' dir='ltr'><strong>cxivttt.</strong></span> <span class='ocrx_word' id='word_1_120' title='bbox 999 1373 1053 1430; x_wconf 88' lang='lat' dir='ltr'><strong>Per</strong></span> <span class='ocrx_word' id='word_1_121' title='bbox 1065 1374 1225 1448; x_wconf 78' lang='lat' dir='ltr'><strong>originales</strong></span> <span class='ocrx_word' id='word_1_122' title='bbox 1235 1376 1348 1433; x_wconf 79' lang='lat' dir='ltr'><strong>litteras</strong></span> <span class='ocrx_word' id='word_1_123' title='bbox 1361 1379 1487 1444; x_wconf 85' lang='lat' dir='ltr'><strong>nostras,</strong></span> <span class='ocrx_word' id='word_1_124' title='bbox 1502 1392 1576 1447; x_wconf 81' lang='lat' dir='ltr'><strong>quas</strong></span> <span class='ocrx_word' id='word_1_125' title='bbox 1591 1373 1707 1430; x_wconf 84' lang='lat' dir='ltr'><strong>dilectis</strong></span> <span class='ocrx_word' id='word_1_126' title='bbox 1718 1372 1788 1431; x_wconf 81' lang='lat' dir='ltr'><strong>saltis</strong></span> 
     </span>
     <span class='ocr_line' id='line_1_14' title="bbox 83 1461 1789 1538; baseline -0.001 -17"><span class='ocrx_word' id='word_1_127' title='bbox 83 1482 185 1523; x_wconf 80' lang='lat' dir='ltr'><strong>aassrr</strong></span> <span class='ocrx_word' id='word_1_128' title='bbox 200 1483 234 1522; x_wconf 76' lang='lat' dir='ltr'><strong>rr</strong></span> <span class='ocrx_word' id='word_1_129' title='bbox 247 1481 409 1522; x_wconf 80' lang='lat' dir='ltr'><strong>coavsarut</strong></span> <span class='ocrx_word' id='word_1_130' title='bbox 425 1481 463 1521; x_wconf 85' lang='lat' dir='ltr'><strong>na</strong></span> <span class='ocrx_word' id='word_1_131' title='bbox 477 1481 598 1521; x_wconf 78' lang='lat' dir='ltr'><strong>connata</strong></span> <span class='ocrx_word' id='word_1_132' title='bbox 612 1476 910 1522; x_wconf 79' lang='lat' dir='ltr'><strong>aanuoasrnaraasrs</strong></span> <span class='ocrx_word' id='word_1_133' title='bbox 961 1463 1061 1519; x_wconf 85' lang='lat' dir='ltr'><strong>abbati</strong></span> <span class='ocrx_word' id='word_1_134' title='bbox 1076 1464 1114 1520; x_wconf 90' lang='lat' dir='ltr'><strong>de</strong></span> <span class='ocrx_word' id='word_1_135' title='bbox 1128 1464 1219 1521; x_wconf 86' lang='lat' dir='ltr'><strong>Plana</strong></span> <span class='ocrx_word' id='word_1_136' title='bbox 1232 1466 1267 1521; x_wconf 91' lang='lat' dir='ltr'><strong>de</strong></span> <span class='ocrx_word' id='word_1_137' title='bbox 1279 1465 1409 1537; x_wconf 87' lang='lat' dir='ltr'><strong>Septimo</strong></span> <span class='ocrx_word' id='word_1_138' title='bbox 1420 1470 1448 1520; x_wconf 92' lang='lat' dir='ltr'><strong>et</strong></span> <span class='ocrx_word' id='word_1_139' title='bbox 1463 1463 1552 1538; x_wconf 87' lang='lat' dir='ltr'><strong>priori</strong></span> <span class='ocrx_word' id='word_1_140' title='bbox 1567 1461 1789 1520; x_wconf 85' lang='lat' dir='ltr'><strong>Camnldulcusi</strong></span> 
     </span>
     <span class='ocr_line' id='line_1_15' title="bbox 433 1549 1790 1623; baseline -0.002 -13"><span class='ocrx_word' id='word_1_141' title='bbox 433 1570 561 1611; x_wconf 80' lang='lat' dir='ltr'><strong>caumas.</strong></span> <span class='ocrx_word' id='word_1_142' title='bbox 962 1566 1052 1623; x_wconf 87' lang='lat' dir='ltr'><strong>super</strong></span> <span class='ocrx_word' id='word_1_143' title='bbox 1065 1552 1142 1607; x_wconf 84' lang='lat' dir='ltr'><strong>iacto</strong></span> <span class='ocrx_word' id='word_1_144' title='bbox 1158 1551 1307 1608; x_wconf 75' lang='lat' dir='ltr'><strong>electionis</strong></span> <span class='ocrx_word' id='word_1_145' title='bbox 1323 1551 1495 1609; x_wconf 89' lang='lat' dir='ltr'><strong>monialium</strong></span> <span class='ocrx_word' id='word_1_146' title='bbox 1506 1552 1619 1608; x_wconf 82' lang='lat' dir='ltr'><strong>Sancte</strong></span> <span class='ocrx_word' id='word_1_147' title='bbox 1640 1549 1737 1606; x_wconf 78' lang='lat' dir='ltr'><strong>Maria</strong></span> <span class='ocrx_word' id='word_1_148' title='bbox 1753 1549 1790 1607; x_wconf 89' lang='lat' dir='ltr'><strong>de</strong></span> 
     </span>
     <span class='ocr_line' id='line_1_16' title="bbox 247 1638 1788 1716; baseline -0.004 -16"><span class='ocrx_word' id='word_1_149' title='bbox 247 1646 283 1701; x_wconf 80' lang='lat' dir='ltr'><strong>De</strong></span> <span class='ocrx_word' id='word_1_150' title='bbox 302 1644 513 1715; x_wconf 77' lang='lat' dir='ltr'><strong>confirmatione</strong></span> <span class='ocrx_word' id='word_1_151' title='bbox 525 1642 749 1716; x_wconf 73' lang='lat' dir='ltr'><strong>privilegiorum.</strong></span> <span class='ocrx_word' id='word_1_152' title='bbox 962 1640 1151 1711; x_wconf 85' lang='lat' dir='ltr'><strong>Mantignano</strong></span> <span class='ocrx_word' id='word_1_153' title='bbox 1167 1642 1339 1698; x_wconf 77' lang='lat' dir='ltr'><strong>Florentius</strong></span> <span class='ocrx_word' id='word_1_154' title='bbox 1356 1640 1489 1698; x_wconf 76' lang='lat' dir='ltr'><strong>diaecesis</strong></span> <span class='ocrx_word' id='word_1_155' title='bbox 1501 1641 1688 1707; x_wconf 85' lang='lat' dir='ltr'><strong>miseramus,</strong></span> <span class='ocrx_word' id='word_1_156' title='bbox 1702 1638 1788 1695; x_wconf 86' lang='lat' dir='ltr'><strong>nobis</strong></span> 
     </span>
     <span class='ocr_line' id='line_1_17' title="bbox 270 1727 1788 1805; baseline -0.003 -15"><span class='ocrx_word' id='word_1_157' title='bbox 270 1732 370 1805; x_wconf 80' lang='lat' dir='ltr'><strong>(Sors,</strong></span> <span class='ocrx_word' id='word_1_158' title='bbox 386 1749 425 1789; x_wconf 89' lang='lat' dir='ltr'><strong>vu</strong></span> <span class='ocrx_word' id='word_1_159' title='bbox 441 1733 504 1790; x_wconf 87' lang='lat' dir='ltr'><strong>Kal.</strong></span> <span class='ocrx_word' id='word_1_160' title='bbox 520 1731 722 1805; x_wconf 79' lang='lat' dir='ltr'><strong>Septembris.)</strong></span> <span class='ocrx_word' id='word_1_161' title='bbox 963 1730 1097 1787; x_wconf 85' lang='lat' dir='ltr'><strong>constitit</strong></span> <span class='ocrx_word' id='word_1_162' title='bbox 1111 1731 1261 1788; x_wconf 85' lang='lat' dir='ltr'><strong>evidenter</strong></span> <span class='ocrx_word' id='word_1_163' title='bbox 1275 1732 1354 1804; x_wconf 90' lang='lat' dir='ltr'><strong>quod</strong></span> <span class='ocrx_word' id='word_1_164' title='bbox 1369 1730 1473 1787; x_wconf 90' lang='lat' dir='ltr'><strong>ultima</strong></span> <span class='ocrx_word' id='word_1_165' title='bbox 1483 1747 1584 1786; x_wconf 82' lang='lat' dir='ltr'><strong>earum</strong></span> <span class='ocrx_word' id='word_1_166' title='bbox 1594 1727 1726 1786; x_wconf 90' lang='lat' dir='ltr'><strong>clausula</strong></span> <span class='ocrx_word' id='word_1_167' title='bbox 1741 1743 1788 1785; x_wconf 89' lang='lat' dir='ltr'><strong>ne·</strong></span> 
     </span>
     <span class='ocr_line' id='line_1_18' title="bbox 119 1817 1789 1894; baseline -0.003 -16"><span class='ocrx_word' id='word_1_168' title='bbox 119 1822 327 1879; x_wconf 85' lang='lat' dir='ltr'><strong>Gomsnobis</strong></span> <span class='ocrx_word' id='word_1_169' title='bbox 343 1823 546 1894; x_wconf 90' lang='lat' dir='ltr'><strong>petiturqucd</strong></span> <span class='ocrx_word' id='word_1_170' title='bbox 564 1822 680 1893; x_wconf 88' lang='lat' dir='ltr'><strong>justum</strong></span> <span class='ocrx_word' id='word_1_171' title='bbox 697 1825 742 1878; x_wconf 92' lang='lat' dir='ltr'><strong>est</strong></span> <span class='ocrx_word' id='word_1_172' title='bbox 765 1825 795 1877; x_wconf 90' lang='lat' dir='ltr'><strong>et</strong></span> <span class='ocrx_word' id='word_1_173' title='bbox 818 1820 909 1878; x_wconf 87' lang='lat' dir='ltr'><strong>bone·</strong></span> <span class='ocrx_word' id='word_1_174' title='bbox 964 1819 1061 1890; x_wconf 90' lang='lat' dir='ltr'><strong>quiter</strong></span> <span class='ocrx_word' id='word_1_175' title='bbox 1077 1835 1143 1876; x_wconf 82' lang='lat' dir='ltr'><strong>rasa</strong></span> <span class='ocrx_word' id='word_1_176' title='bbox 1157 1820 1223 1887; x_wconf 89' lang='lat' dir='ltr'><strong>init,</strong></span> <span class='ocrx_word' id='word_1_177' title='bbox 1240 1825 1269 1876; x_wconf 84' lang='lat' dir='ltr'><strong>et</strong></span> <span class='ocrx_word' id='word_1_178' title='bbox 1282 1821 1391 1877; x_wconf 76' lang='lat' dir='ltr'><strong>eadem</strong></span> <span class='ocrx_word' id='word_1_179' title='bbox 1421 1819 1523 1876; x_wconf 82' lang='lat' dir='ltr'><strong>littera</strong></span> <span class='ocrx_word' id='word_1_180' title='bbox 1552 1817 1789 1892; x_wconf 77' lang='lat' dir='ltr'><strong>ipsisjudicibus</strong></span> 
     </span>
     <span class='ocr_line' id='line_1_19' title="bbox 83 1908 1787 1985; baseline -0.003 -18"><span class='ocrx_word' id='word_1_181' title='bbox 83 1915 175 1982; x_wconf 89' lang='lat' dir='ltr'><strong>stum,</strong></span> <span class='ocrx_word' id='word_1_182' title='bbox 191 1916 259 1981; x_wconf 84' lang='lat' dir='ltr'><strong>etc,</strong></span> <span class='ocrx_word' id='word_1_183' title='bbox 285 1928 373 1985; x_wconf 78' lang='lat' dir='ltr'><strong>usque</strong></span> <span class='ocrx_word' id='word_1_184' title='bbox 395 1913 543 1968; x_wconf 84' lang='lat' dir='ltr'><strong>ellectum.</strong></span> <span class='ocrx_word' id='word_1_185' title='bbox 569 1911 739 1983; x_wconf 82' lang='lat' dir='ltr'><strong>Eapropter,</strong></span> <span class='ocrx_word' id='word_1_186' title='bbox 764 1910 862 1967; x_wconf 90' lang='lat' dir='ltr'><strong>dilecti</strong></span> <span class='ocrx_word' id='word_1_187' title='bbox 879 1909 910 1966; x_wconf 90' lang='lat' dir='ltr'><strong>in</strong></span> <span class='ocrx_word' id='word_1_188' title='bbox 963 1909 1037 1966; x_wconf 89' lang='lat' dir='ltr'><strong>tales</strong></span> <span class='ocrx_word' id='word_1_189' title='bbox 1051 1910 1170 1967; x_wconf 85' lang='lat' dir='ltr'><strong>luerunt</strong></span> <span class='ocrx_word' id='word_1_190' title='bbox 1183 1910 1332 1978; x_wconf 79' lang='lat' dir='ltr'><strong>exhibite,</strong></span> <span class='ocrx_word' id='word_1_191' title='bbox 1348 1909 1424 1968; x_wconf 91' lang='lat' dir='ltr'><strong>sicut</strong></span> <span class='ocrx_word' id='word_1_192' title='bbox 1438 1926 1472 1967; x_wconf 85' lang='lat' dir='ltr'><strong>ex</strong></span> <span class='ocrx_word' id='word_1_193' title='bbox 1486 1908 1592 1966; x_wconf 89' lang='lat' dir='ltr'><strong>litteris</strong></span> <span class='ocrx_word' id='word_1_194' title='bbox 1607 1908 1787 1976; x_wconf 77' lang='lat' dir='ltr'><strong>eorumdem,</strong></span> 
     </span>
     <span class='ocr_line' id='line_1_20' title="bbox 84 1995 1787 2073; baseline -0.004 -17"><span class='ocrx_word' id='word_1_195' title='bbox 84 2001 207 2057; x_wconf 89' lang='lat' dir='ltr'><strong>Domino</strong></span> <span class='ocrx_word' id='word_1_196' title='bbox 224 2001 288 2070; x_wconf 83' lang='lat' dir='ltr'><strong>tilii,</strong></span> <span class='ocrx_word' id='word_1_197' title='bbox 304 1999 410 2058; x_wconf 84' lang='lat' dir='ltr'><strong>vestris</strong></span> <span class='ocrx_word' id='word_1_198' title='bbox 426 2001 515 2072; x_wconf 85' lang='lat' dir='ltr'><strong>justis</strong></span> <span class='ocrx_word' id='word_1_199' title='bbox 534 1999 726 2073; x_wconf 87' lang='lat' dir='ltr'><strong>petitionibus</strong></span> <span class='ocrx_word' id='word_1_200' title='bbox 741 2002 823 2072; x_wconf 84' lang='lat' dir='ltr'><strong>grato</strong></span> <span class='ocrx_word' id='word_1_201' title='bbox 838 2015 910 2054; x_wconf 92' lang='lat' dir='ltr'><strong>con·</strong></span> <span class='ocrx_word' id='word_1_202' title='bbox 963 1997 992 2053; x_wconf 96' lang='lat' dir='ltr'><strong>in</strong></span> <span class='ocrx_word' id='word_1_203' title='bbox 1008 1997 1115 2070; x_wconf 86' lang='lat' dir='ltr'><strong>quibus</strong></span> <span class='ocrx_word' id='word_1_204' title='bbox 1130 2002 1214 2056; x_wconf 87' lang='lat' dir='ltr'><strong>tenor</strong></span> <span class='ocrx_word' id='word_1_205' title='bbox 1228 1999 1433 2056; x_wconf 71' lang='lat' dir='ltr'><strong>continebatur</strong></span> <span class='ocrx_word' id='word_1_206' title='bbox 1447 1999 1579 2072; x_wconf 91' lang='lat' dir='ltr'><strong>ipsarum</strong></span> <span class='ocrx_word' id='word_1_207' title='bbox 1595 1995 1787 2070; x_wconf 79' lang='lat' dir='ltr'><strong>cognorimus</strong></span> 
     </span>
     <span class='ocr_line' id='line_1_21' title="bbox 84 2084 1789 2162; baseline -0.004 -15"><span class='ocrx_word' id='word_1_208' title='bbox 84 2095 235 2147; x_wconf 84' lang='lat' dir='ltr'><strong>currentes</strong></span> <span class='ocrx_word' id='word_1_209' title='bbox 246 2107 382 2157; x_wconf 90' lang='lat' dir='ltr'><strong>assensu,</strong></span> <span class='ocrx_word' id='word_1_210' title='bbox 393 2106 535 2162; x_wconf 89' lang='lat' dir='ltr'><strong>personas</strong></span> <span class='ocrx_word' id='word_1_211' title='bbox 545 2093 659 2146; x_wconf 83' lang='lat' dir='ltr'><strong>vestras</strong></span> <span class='ocrx_word' id='word_1_212' title='bbox 667 2093 696 2145; x_wconf 90' lang='lat' dir='ltr'><strong>et</strong></span> <span class='ocrx_word' id='word_1_213' title='bbox 707 2088 802 2145; x_wconf 91' lang='lat' dir='ltr'><strong>locum</strong></span> <span class='ocrx_word' id='word_1_214' title='bbox 810 2087 839 2143; x_wconf 90' lang='lat' dir='ltr'><strong>in</strong></span> <span class='ocrx_word' id='word_1_215' title='bbox 852 2103 910 2160; x_wconf 90' lang='lat' dir='ltr'><strong>quc</strong></span> <span class='ocrx_word' id='word_1_216' title='bbox 964 2087 1130 2159; x_wconf 59' lang='lat' dir='ltr'><strong>manifesta</strong></span> <span class='ocrx_word' id='word_1_217' title='bbox 1138 2105 1263 2162; x_wconf 87' lang='lat' dir='ltr'><strong>quarum</strong></span> <span class='ocrx_word' id='word_1_218' title='bbox 1275 2084 1624 2158; x_wconf 83' lang='lat' dir='ltr'><strong>occasionsdictijudices</strong></span> <span class='ocrx_word' id='word_1_219' title='bbox 1633 2084 1789 2159; x_wconf 81' lang='lat' dir='ltr'><strong>procedens</strong></span> 
     </span>
     <span class='ocr_line' id='line_1_22' title="bbox 84 2172 1790 2253; baseline -0.002 -18"><span class='ocrx_word' id='word_1_220' title='bbox 84 2179 182 2235; x_wconf 86' lang='lat' dir='ltr'><strong>divino</strong></span> <span class='ocrx_word' id='word_1_221' title='bbox 195 2180 266 2237; x_wconf 88' lang='lat' dir='ltr'><strong>estis</strong></span> <span class='ocrx_word' id='word_1_222' title='bbox 280 2179 421 2252; x_wconf 84' lang='lat' dir='ltr'><strong>obsequio</strong></span> <span class='ocrx_word' id='word_1_223' title='bbox 434 2178 604 2251; x_wconf 76' lang='lat' dir='ltr'><strong>aarancipati,</strong></span> <span class='ocrx_word' id='word_1_224' title='bbox 615 2194 681 2234; x_wconf 90' lang='lat' dir='ltr'><strong>curn</strong></span> <span class='ocrx_word' id='word_1_225' title='bbox 694 2176 832 2233; x_wconf 90' lang='lat' dir='ltr'><strong>omnibus</strong></span> <span class='ocrx_word' id='word_1_226' title='bbox 844 2184 911 2248; x_wconf 79' lang='lat' dir='ltr'><strong>q&#39;nts</strong></span> <span class='ocrx_word' id='word_1_227' title='bbox 963 2183 1225 2253; x_wconf 82' lang='lat' dir='ltr'><strong>presumpserunt.</strong></span> <span class='ocrx_word' id='word_1_228' title='bbox 1237 2178 1384 2245; x_wconf 77' lang='lat' dir='ltr'><strong>Quiavero</strong></span> <span class='ocrx_word' id='word_1_229' title='bbox 1400 2177 1428 2234; x_wconf 90' lang='lat' dir='ltr'><strong>id</strong></span> <span class='ocrx_word' id='word_1_230' title='bbox 1446 2194 1503 2234; x_wconf 92' lang='lat' dir='ltr'><strong>non</strong></span> <span class='ocrx_word' id='word_1_231' title='bbox 1519 2181 1565 2233; x_wconf 89' lang='lat' dir='ltr'><strong>cst</strong></span> <span class='ocrx_word' id='word_1_232' title='bbox 1579 2193 1596 2232; x_wconf 91' lang='lat' dir='ltr'><strong>a</strong></span> <span class='ocrx_word' id='word_1_233' title='bbox 1612 2176 1696 2232; x_wconf 87' lang='lat' dir='ltr'><strong>nobis</strong></span> <span class='ocrx_word' id='word_1_234' title='bbox 1707 2172 1790 2232; x_wconf 88' lang='lat' dir='ltr'><strong>clau·</strong></span> 
     </span>
     <span class='ocr_line' id='line_1_23' title="bbox 83 2265 1789 2342; baseline -0.003 -18"><span class='ocrx_word' id='word_1_235' title='bbox 83 2268 337 2342; x_wconf 78' lang='lat' dir='ltr'><strong>inpresentiarum</strong></span> <span class='ocrx_word' id='word_1_236' title='bbox 354 2266 566 2325; x_wconf 79' lang='lat' dir='ltr'><strong>rationabiliter</strong></span> <span class='ocrx_word' id='word_1_237' title='bbox 576 2266 746 2338; x_wconf 91' lang='lat' dir='ltr'><strong>possidetis,</strong></span> <span class='ocrx_word' id='word_1_238' title='bbox 757 2270 808 2321; x_wconf 88' lang='lat' dir='ltr'><strong>snt</strong></span> <span class='ocrx_word' id='word_1_239' title='bbox 819 2265 849 2320; x_wconf 92' lang='lat' dir='ltr'><strong>in</strong></span> <span class='ocrx_word' id='word_1_240' title='bbox 864 2266 909 2321; x_wconf 87' lang='lat' dir='ltr'><strong>iu·</strong></span> <span class='ocrx_word' id='word_1_241' title='bbox 963 2267 1005 2324; x_wconf 90' lang='lat' dir='ltr'><strong>sis</strong></span> <span class='ocrx_word' id='word_1_242' title='bbox 1020 2266 1113 2324; x_wconf 88' lang='lat' dir='ltr'><strong>oculis</strong></span> <span class='ocrx_word' id='word_1_243' title='bbox 1128 2266 1531 2335; x_wconf 87' lang='lat' dir='ltr'><strong>transeundum,disccetioni</strong></span> <span class='ocrx_word' id='word_1_244' title='bbox 1542 2269 1644 2323; x_wconf 79' lang='lat' dir='ltr'><strong>uestra</strong></span> <span class='ocrx_word' id='word_1_245' title='bbox 1655 2279 1789 2337; x_wconf 85' lang='lat' dir='ltr'><strong>parapo-</strong></span> 
     </span>
     <span class='ocr_line' id='line_1_24' title="bbox 84 2353 1789 2431; baseline -0.003 -17"><span class='ocrx_word' id='word_1_246' title='bbox 84 2362 184 2415; x_wconf 90' lang='lat' dir='ltr'><strong>turum</strong></span> <span class='ocrx_word' id='word_1_247' title='bbox 192 2359 285 2431; x_wconf 89' lang='lat' dir='ltr'><strong>justis</strong></span> <span class='ocrx_word' id='word_1_248' title='bbox 303 2358 398 2415; x_wconf 89' lang='lat' dir='ltr'><strong>modis</strong></span> <span class='ocrx_word' id='word_1_249' title='bbox 413 2363 471 2414; x_wconf 87' lang='lat' dir='ltr'><strong>Deo</strong></span> <span class='ocrx_word' id='word_1_250' title='bbox 484 2356 611 2430; x_wconf 90' lang='lat' dir='ltr'><strong>propitio</strong></span> <span class='ocrx_word' id='word_1_251' title='bbox 627 2355 759 2427; x_wconf 83' lang='lat' dir='ltr'><strong>poteritis</strong></span> <span class='ocrx_word' id='word_1_252' title='bbox 775 2353 910 2427; x_wconf 90' lang='lat' dir='ltr'><strong>adipisci,</strong></span> <span class='ocrx_word' id='word_1_253' title='bbox 963 2356 1066 2413; x_wconf 87' lang='lat' dir='ltr'><strong>stolica</strong></span> <span class='ocrx_word' id='word_1_254' title='bbox 1081 2357 1191 2431; x_wconf 89' lang='lat' dir='ltr'><strong>scripta</strong></span> <span class='ocrx_word' id='word_1_255' title='bbox 1211 2356 1407 2431; x_wconf 83' lang='lat' dir='ltr'><strong>praecipiendo</strong></span> <span class='ocrx_word' id='word_1_256' title='bbox 1434 2357 1611 2412; x_wconf 85' lang='lat' dir='ltr'><strong>mandamus</strong></span> <span class='ocrx_word' id='word_1_257' title='bbox 1640 2357 1789 2427; x_wconf 82' lang='lat' dir='ltr'><strong>quatenns</strong></span> 
     </span>
     <span class='ocr_line' id='line_1_25' title="bbox 86 2441 1786 2518; baseline -0.003 -15"><span class='ocrx_word' id='word_1_258' title='bbox 86 2447 143 2503; x_wconf 90' lang='lat' dir='ltr'><strong>sub</strong></span> <span class='ocrx_word' id='word_1_259' title='bbox 157 2448 232 2502; x_wconf 89' lang='lat' dir='ltr'><strong>beati</strong></span> <span class='ocrx_word' id='word_1_260' title='bbox 249 2446 324 2503; x_wconf 88' lang='lat' dir='ltr'><strong>Petri</strong></span> <span class='ocrx_word' id='word_1_261' title='bbox 341 2450 370 2503; x_wconf 92' lang='lat' dir='ltr'><strong>et</strong></span> <span class='ocrx_word' id='word_1_262' title='bbox 389 2450 492 2502; x_wconf 88' lang='lat' dir='ltr'><strong>nostra</strong></span> <span class='ocrx_word' id='word_1_263' title='bbox 516 2445 695 2518; x_wconf 87' lang='lat' dir='ltr'><strong>protectione</strong></span> <span class='ocrx_word' id='word_1_264' title='bbox 718 2444 908 2516; x_wconf 86' lang='lat' dir='ltr'><strong>suscipimus.</strong></span> <span class='ocrx_word' id='word_1_265' title='bbox 963 2445 1109 2518; x_wconf 89' lang='lat' dir='ltr'><strong>quidquid</strong></span> <span class='ocrx_word' id='word_1_266' title='bbox 1125 2446 1235 2502; x_wconf 88' lang='lat' dir='ltr'><strong>iactum</strong></span> <span class='ocrx_word' id='word_1_267' title='bbox 1250 2445 1459 2503; x_wconf 89' lang='lat' dir='ltr'><strong>estoccasionc</strong></span> <span class='ocrx_word' id='word_1_268' title='bbox 1475 2444 1639 2503; x_wconf 82' lang='lat' dir='ltr'><strong>litterarum</strong></span> <span class='ocrx_word' id='word_1_269' title='bbox 1665 2441 1786 2499; x_wconf 79' lang='lat' dir='ltr'><strong>illarum</strong></span> 
     </span>
     <span class='ocr_line' id='line_1_26' title="bbox 87 2531 1788 2610; baseline 0 -19"><span class='ocrx_word' id='word_1_270' title='bbox 87 2534 260 2608; x_wconf 75' lang='lat' dir='ltr'><strong>specialiter</strong></span> <span class='ocrx_word' id='word_1_271' title='bbox 274 2541 371 2592; x_wconf 86' lang='lat' dir='ltr'><strong>autem</strong></span> <span class='ocrx_word' id='word_1_272' title='bbox 388 2535 483 2592; x_wconf 78' lang='lat' dir='ltr'><strong>locunt</strong></span> <span class='ocrx_word' id='word_1_273' title='bbox 499 2535 536 2590; x_wconf 91' lang='lat' dir='ltr'><strong>de</strong></span> <span class='ocrx_word' id='word_1_274' title='bbox 551 2532 673 2590; x_wconf 87' lang='lat' dir='ltr'><strong>Neabon</strong></span> <span class='ocrx_word' id='word_1_275' title='bbox 688 2548 754 2588; x_wconf 91' lang='lat' dir='ltr'><strong>cum</strong></span> <span class='ocrx_word' id='word_1_276' title='bbox 782 2531 909 2604; x_wconf 85' lang='lat' dir='ltr'><strong>Capella,</strong></span> <span class='ocrx_word' id='word_1_277' title='bbox 962 2535 1081 2610; x_wconf 87' lang='lat' dir='ltr'><strong>penitus</strong></span> <span class='ocrx_word' id='word_1_278' title='bbox 1097 2535 1246 2593; x_wconf 86' lang='lat' dir='ltr'><strong>irritantes</strong></span> <span class='ocrx_word' id='word_1_279' title='bbox 1257 2536 1412 2610; x_wconf 87' lang='lat' dir='ltr'><strong>[irritetis],</strong></span> <span class='ocrx_word' id='word_1_280' title='bbox 1423 2541 1452 2593; x_wconf 91' lang='lat' dir='ltr'><strong>et</strong></span> <span class='ocrx_word' id='word_1_281' title='bbox 1464 2553 1552 2607; x_wconf 85' lang='lat' dir='ltr'><strong>quem</strong></span> <span class='ocrx_word' id='word_1_282' title='bbox 1563 2535 1687 2591; x_wconf 87' lang='lat' dir='ltr'><strong>iolsasse</strong></span> <span class='ocrx_word' id='word_1_283' title='bbox 1698 2548 1788 2591; x_wconf 81' lang='lat' dir='ltr'><strong>novo·</strong></span> 
     </span>
     <span class='ocr_line' id='line_1_27' title="bbox 86 2610 1873 2697; baseline -0.001 -15"><span class='ocrx_word' id='word_1_284' title='bbox 86 2624 243 2682; x_wconf 84' lang='lat' dir='ltr'><strong>ecclesiam</strong></span> <span class='ocrx_word' id='word_1_285' title='bbox 258 2626 295 2681; x_wconf 93' lang='lat' dir='ltr'><strong>de</strong></span> <span class='ocrx_word' id='word_1_286' title='bbox 310 2629 441 2691; x_wconf 76' lang='lat' dir='ltr'><strong>acastre,</strong></span> <span class='ocrx_word' id='word_1_287' title='bbox 453 2627 566 2695; x_wconf 83' lang='lat' dir='ltr'><strong>partem</strong></span> <span class='ocrx_word' id='word_1_288' title='bbox 576 2626 770 2695; x_wconf 89' lang='lat' dir='ltr'><strong>proventuum</strong></span> <span class='ocrx_word' id='word_1_289' title='bbox 781 2621 911 2677; x_wconf 75' lang='lat' dir='ltr'><strong>ecclcsiae</strong></span> <span class='ocrx_word' id='word_1_290' title='bbox 964 2623 1146 2681; x_wconf 88' lang='lat' dir='ltr'><strong>ritislitteras</strong></span> <span class='ocrx_word' id='word_1_291' title='bbox 1157 2625 1497 2697; x_wconf 85' lang='lat' dir='ltr'><strong>supradictas‚tanquam</strong></span> <span class='ocrx_word' id='word_1_292' title='bbox 1511 2622 1788 2681; x_wconf 77' lang='lat' dir='ltr'><strong>falsariumsoblato</strong></span> <span class='ocrx_word' id='word_1_293' title='bbox 1869 2610 1873 2619; x_wconf 58' lang='lat'>¹</span> 
     </span>
     <span class='ocr_line' id='line_1_28' title="bbox 85 2710 1789 2787; baseline -0.002 -17"><span class='ocrx_word' id='word_1_294' title='bbox 85 2715 121 2770; x_wconf 89' lang='lat' dir='ltr'><strong>de</strong></span> <span class='ocrx_word' id='word_1_295' title='bbox 136 2717 316 2780; x_wconf 72' lang='lat' dir='ltr'><strong>estentona,</strong></span> <span class='ocrx_word' id='word_1_296' title='bbox 331 2719 483 2786; x_wconf 88' lang='lat' dir='ltr'><strong>pasturam</strong></span> <span class='ocrx_word' id='word_1_297' title='bbox 515 2710 696 2778; x_wconf 82' lang='lat' dir='ltr'><strong>Destwissel,</strong></span> <span class='ocrx_word' id='word_1_298' title='bbox 712 2715 741 2767; x_wconf 91' lang='lat' dir='ltr'><strong>et</strong></span> <span class='ocrx_word' id='word_1_299' title='bbox 760 2718 867 2767; x_wconf 81' lang='lat' dir='ltr'><strong>terram</strong></span> <span class='ocrx_word' id='word_1_300' title='bbox 881 2715 912 2766; x_wconf 88' lang='lat' dir='ltr'><strong>et</strong></span> <span class='ocrx_word' id='word_1_301' title='bbox 963 2712 1169 2787; x_wconf 86' lang='lat' dir='ltr'><strong>appellationis</strong></span> <span class='ocrx_word' id='word_1_302' title='bbox 1184 2713 1335 2769; x_wconf 84' lang='lat' dir='ltr'><strong>obstaculo</strong></span> <span class='ocrx_word' id='word_1_303' title='bbox 1351 2712 1490 2786; x_wconf 83' lang='lat' dir='ltr'><strong>puniatis.</strong></span> <span class='ocrx_word' id='word_1_304' title='bbox 1503 2712 1643 2768; x_wconf 77' lang='lat' dir='ltr'><strong>Ceterum</strong></span> <span class='ocrx_word' id='word_1_305' title='bbox 1655 2710 1726 2783; x_wconf 87' lang='lat' dir='ltr'><strong>quia</strong></span> <span class='ocrx_word' id='word_1_306' title='bbox 1736 2726 1789 2783; x_wconf 88' lang='lat' dir='ltr'><strong>per</strong></span> 
     </span>
     <span class='ocr_line' id='line_1_29' title="bbox 85 2800 1786 2879; baseline -0.002 -20"><span class='ocrx_word' id='word_1_307' title='bbox 85 2807 239 2876; x_wconf 82' lang='lat' dir='ltr'><strong>pasturam</strong></span> <span class='ocrx_word' id='word_1_308' title='bbox 251 2805 286 2860; x_wconf 90' lang='lat' dir='ltr'><strong>de</strong></span> <span class='ocrx_word' id='word_1_309' title='bbox 296 2803 445 2873; x_wconf 76' lang='lat' dir='ltr'><strong>chautim,</strong></span> <span class='ocrx_word' id='word_1_310' title='bbox 456 2802 577 2858; x_wconf 91' lang='lat' dir='ltr'><strong>sicutea</strong></span> <span class='ocrx_word' id='word_1_311' title='bbox 586 2800 771 2870; x_wconf 81' lang='lat' dir='ltr'><strong>amniajusta</strong></span> <span class='ocrx_word' id='word_1_312' title='bbox 785 2817 820 2857; x_wconf 87' lang='lat' dir='ltr'><strong>ae</strong></span> <span class='ocrx_word' id='word_1_313' title='bbox 834 2800 910 2872; x_wconf 82' lang='lat' dir='ltr'><strong>psci·</strong></span> <span class='ocrx_word' id='word_1_314' title='bbox 962 2802 1149 2879; x_wconf 83' lang='lat' dir='ltr'><strong>privilegium</strong></span> <span class='ocrx_word' id='word_1_315' title='bbox 1163 2802 1255 2861; x_wconf 82' lang='lat' dir='ltr'><strong>felicia</strong></span> <span class='ocrx_word' id='word_1_316' title='bbox 1265 2803 1411 2861; x_wconf 77' lang='lat' dir='ltr'><strong>memorie</strong></span> <span class='ocrx_word' id='word_1_317' title='bbox 1422 2802 1570 2859; x_wconf 72' lang='lat' dir='ltr'><strong>Caelestini</strong></span> <span class='ocrx_word' id='word_1_318' title='bbox 1582 2819 1663 2874; x_wconf 83' lang='lat' dir='ltr'><strong>papa</strong></span> <span class='ocrx_word' id='word_1_319' title='bbox 1675 2800 1786 2873; x_wconf 80' lang='lat' dir='ltr'><strong>prade-</strong></span> 
     </span>
     <span class='ocr_line' id='line_1_30' title="bbox 86 2890 1786 2967; baseline -0.001 -18"><span class='ocrx_word' id='word_1_320' title='bbox 86 2892 140 2950; x_wconf 87' lang='lat' dir='ltr'><strong>ticc</strong></span> <span class='ocrx_word' id='word_1_321' title='bbox 150 2894 295 2965; x_wconf 88' lang='lat' dir='ltr'><strong>possedis,</strong></span> <span class='ocrx_word' id='word_1_322' title='bbox 311 2892 395 2949; x_wconf 86' lang='lat' dir='ltr'><strong>vobis</strong></span> <span class='ocrx_word' id='word_1_323' title='bbox 408 2897 436 2949; x_wconf 88' lang='lat' dir='ltr'><strong>et</strong></span> <span class='ocrx_word' id='word_1_324' title='bbox 452 2909 503 2964; x_wconf 89' lang='lat' dir='ltr'><strong>per</strong></span> <span class='ocrx_word' id='word_1_325' title='bbox 516 2908 568 2947; x_wconf 80' lang='lat' dir='ltr'><strong>vos</strong></span> <span class='ocrx_word' id='word_1_326' title='bbox 584 2890 684 2948; x_wconf 88' lang='lat' dir='ltr'><strong>domui</strong></span> <span class='ocrx_word' id='word_1_327' title='bbox 695 2897 795 2946; x_wconf 78' lang='lat' dir='ltr'><strong>vestra</strong></span> <span class='ocrx_word' id='word_1_328' title='bbox 810 2896 910 2946; x_wconf 86' lang='lat' dir='ltr'><strong>aucto·</strong></span> <span class='ocrx_word' id='word_1_329' title='bbox 962 2893 1089 2950; x_wconf 89' lang='lat' dir='ltr'><strong>cessoris</strong></span> <span class='ocrx_word' id='word_1_330' title='bbox 1104 2894 1207 2960; x_wconf 86' lang='lat' dir='ltr'><strong>nostri,</strong></span> <span class='ocrx_word' id='word_1_331' title='bbox 1218 2894 1294 2967; x_wconf 90' lang='lat' dir='ltr'><strong>quod</strong></span> <span class='ocrx_word' id='word_1_332' title='bbox 1310 2893 1427 2967; x_wconf 89' lang='lat' dir='ltr'><strong>nosipsi</strong></span> <span class='ocrx_word' id='word_1_333' title='bbox 1440 2891 1653 2966; x_wconf 80' lang='lat' dir='ltr'><strong>perspeximus,</strong></span> <span class='ocrx_word' id='word_1_334' title='bbox 1664 2890 1786 2947; x_wconf 83' lang='lat' dir='ltr'><strong>libertas</strong></span> 
     </span>
     <span class='ocr_line' id='line_1_31' title="bbox 85 2978 1788 3058; baseline -0.003 -18"><span class='ocrx_word' id='word_1_335' title='bbox 85 2978 172 3041; x_wconf 84' lang='lat' dir='ltr'><strong>ritate</strong></span> <span class='ocrx_word' id='word_1_336' title='bbox 185 2985 348 3058; x_wconf 87' lang='lat' dir='ltr'><strong>apostolica</strong></span> <span class='ocrx_word' id='word_1_337' title='bbox 362 2983 575 3041; x_wconf 86' lang='lat' dir='ltr'><strong>confirmamus</strong></span> <span class='ocrx_word' id='word_1_338' title='bbox 589 2986 617 3039; x_wconf 88' lang='lat' dir='ltr'><strong>et</strong></span> <span class='ocrx_word' id='word_1_339' title='bbox 629 2981 783 3053; x_wconf 71' lang='lat' dir='ltr'><strong>praesentis</strong></span> <span class='ocrx_word' id='word_1_340' title='bbox 806 2980 909 3053; x_wconf 83' lang='lat' dir='ltr'><strong>scripti</strong></span> <span class='ocrx_word' id='word_1_341' title='bbox 962 2982 1057 3056; x_wconf 87' lang='lat' dir='ltr'><strong>ipsius</strong></span> <span class='ocrx_word' id='word_1_342' title='bbox 1067 2982 1237 3040; x_wconf 86' lang='lat' dir='ltr'><strong>monasterii</strong></span> <span class='ocrx_word' id='word_1_343' title='bbox 1246 2981 1560 3052; x_wconf 86' lang='lat' dir='ltr'><strong>declaratur,volumus</strong></span> <span class='ocrx_word' id='word_1_344' title='bbox 1572 2984 1601 3037; x_wconf 91' lang='lat' dir='ltr'><strong>et</strong></span> <span class='ocrx_word' id='word_1_345' title='bbox 1612 2979 1788 3035; x_wconf 78' lang='lat' dir='ltr'><strong>mandamus</strong></span> 
     </span>
     <span class='ocr_line' id='line_1_32' title="bbox 84 3068 1789 3144; baseline -0.003 -15"><span class='ocrx_word' id='word_1_346' title='bbox 84 3069 908 3144; x_wconf 79' lang='lat' dir='ltr'><strong>patrociniocommunimus.ttatttergo...bsncpsginam</strong></span> <span class='ocrx_word' id='word_1_347' title='bbox 964 3076 1120 3144; x_wconf 87' lang='lat' dir='ltr'><strong>quatenus,</strong></span> <span class='ocrx_word' id='word_1_348' title='bbox 1135 3071 1193 3128; x_wconf 91' lang='lat' dir='ltr'><strong>nisi</strong></span> <span class='ocrx_word' id='word_1_349' title='bbox 1211 3070 1386 3128; x_wconf 83' lang='lat' dir='ltr'><strong>venerabilis</strong></span> <span class='ocrx_word' id='word_1_350' title='bbox 1402 3070 1490 3127; x_wconf 85' lang='lat' dir='ltr'><strong>irater</strong></span> <span class='ocrx_word' id='word_1_351' title='bbox 1517 3073 1617 3126; x_wconf 88' lang='lat' dir='ltr'><strong>noster</strong></span> <span class='ocrx_word' id='word_1_352' title='bbox 1631 3068 1789 3141; x_wconf 83' lang='lat' dir='ltr'><strong>episcopus</strong></span> 
     </span>
     <span class='ocr_line' id='line_1_33' title="bbox 84 3134 1791 3235; baseline -0.004 -16"><span class='ocrx_word' id='word_1_353' title='bbox 84 3161 384 3235; x_wconf 80' lang='lat' dir='ltr'><strong>nostrsprotectionia</strong></span> <span class='ocrx_word' id='word_1_354' title='bbox 394 3166 425 3218; x_wconf 88' lang='lat' dir='ltr'><strong>et</strong></span> <span class='ocrx_word' id='word_1_355' title='bbox 438 3134 943 3232; x_wconf 78' lang='lat' dir='ltr'><strong>confirmationisintringere,etc.C</strong></span> <span class='ocrx_word' id='word_1_356' title='bbox 964 3161 1151 3218; x_wconf 83' lang='lat' dir='ltr'><strong>Florentinus</strong></span> <span class='ocrx_word' id='word_1_357' title='bbox 1167 3162 1243 3218; x_wconf 89' lang='lat' dir='ltr'><strong>inira</strong></span> <span class='ocrx_word' id='word_1_358' title='bbox 1256 3161 1330 3217; x_wconf 89' lang='lat' dir='ltr'><strong>duos</strong></span> <span class='ocrx_word' id='word_1_359' title='bbox 1345 3176 1460 3217; x_wconf 85' lang='lat' dir='ltr'><strong>menses</strong></span> <span class='ocrx_word' id='word_1_360' title='bbox 1477 3159 1505 3214; x_wconf 92' lang='lat' dir='ltr'><strong>in</strong></span> <span class='ocrx_word' id='word_1_361' title='bbox 1522 3155 1679 3232; x_wconf 83' lang='lat' dir='ltr'><strong>prasentia</strong></span> <span class='ocrx_word' id='word_1_362' title='bbox 1693 3160 1791 3213; x_wconf 75' lang='lat' dir='ltr'><strong>vestra</strong></span> 
     </span>
     <span class='ocr_line' id='line_1_34' title="bbox 83 3244 1789 3324; baseline -0.004 -17"><span class='ocrx_word' id='word_1_363' title='bbox 83 3251 114 3307; x_wconf 86' lang='lat' dir='ltr'><strong>Si</strong></span> <span class='ocrx_word' id='word_1_364' title='bbox 130 3251 198 3323; x_wconf 90' lang='lat' dir='ltr'><strong>quis</strong></span> <span class='ocrx_word' id='word_1_365' title='bbox 211 3256 310 3307; x_wconf 83' lang='lat' dir='ltr'><strong>autern</strong></span> <span class='ocrx_word' id='word_1_366' title='bbox 327 3250 393 3316; x_wconf 87' lang='lat' dir='ltr'><strong>boc,</strong></span> <span class='ocrx_word' id='word_1_367' title='bbox 409 3255 477 3317; x_wconf 81' lang='lat' dir='ltr'><strong>ete,</strong></span> <span class='ocrx_word' id='word_1_368' title='bbox 491 3266 580 3322; x_wconf 76' lang='lat' dir='ltr'><strong>arque</strong></span> <span class='ocrx_word' id='word_1_369' title='bbox 594 3249 796 3306; x_wconf 87' lang='lat' dir='ltr'><strong>incursurum.</strong></span> <span class='ocrx_word' id='word_1_370' title='bbox 965 3250 1124 3307; x_wconf 91' lang='lat' dir='ltr'><strong>ostenderit</strong></span> <span class='ocrx_word' id='word_1_371' title='bbox 1137 3255 1167 3307; x_wconf 90' lang='lat' dir='ltr'><strong>et</strong></span> <span class='ocrx_word' id='word_1_372' title='bbox 1180 3250 1309 3324; x_wconf 86' lang='lat' dir='ltr'><strong>probarit</strong></span> <span class='ocrx_word' id='word_1_373' title='bbox 1324 3264 1412 3322; x_wconf 86' lang='lat' dir='ltr'><strong>quare</strong></span> <span class='ocrx_word' id='word_1_374' title='bbox 1437 3248 1550 3304; x_wconf 81' lang='lat' dir='ltr'><strong>dictum</strong></span> <span class='ocrx_word' id='word_1_375' title='bbox 1575 3244 1789 3303; x_wconf 89' lang='lat' dir='ltr'><strong>monasterium</strong></span> 
     </span>
     <span class='ocr_line' id='line_1_35' title="bbox 121 3336 1789 3412; baseline -0.002 -17"><span class='ocrx_word' id='word_1_376' title='bbox 121 3340 378 3412; x_wconf 75' lang='lat' dir='ltr'><strong>Datumssnrs,u11</strong></span> <span class='ocrx_word' id='word_1_377' title='bbox 394 3337 455 3395; x_wconf 80' lang='lat' dir='ltr'><strong>Kal.</strong></span> <span class='ocrx_word' id='word_1_378' title='bbox 471 3338 665 3411; x_wconf 87' lang='lat' dir='ltr'><strong>Septembris,</strong></span> <span class='ocrx_word' id='word_1_379' title='bbox 676 3342 743 3409; x_wconf 73' lang='lat' dir='ltr'><strong>etc,</strong></span> <span class='ocrx_word' id='word_1_380' title='bbox 755 3342 785 3393; x_wconf 83' lang='lat' dir='ltr'><strong>ut</strong></span> <span class='ocrx_word' id='word_1_381' title='bbox 797 3337 828 3394; x_wconf 83' lang='lat' dir='ltr'><strong>ic</strong></span> <span class='ocrx_word' id='word_1_382' title='bbox 840 3338 909 3394; x_wconf 87' lang='lat' dir='ltr'><strong>alia.</strong></span> <span class='ocrx_word' id='word_1_383' title='bbox 964 3340 1067 3397; x_wconf 85' lang='lat' dir='ltr'><strong>eadem</strong></span> <span class='ocrx_word' id='word_1_384' title='bbox 1084 3340 1125 3395; x_wconf 91' lang='lat' dir='ltr'><strong>uti</strong></span> <span class='ocrx_word' id='word_1_385' title='bbox 1141 3356 1198 3396; x_wconf 91' lang='lat' dir='ltr'><strong>non</strong></span> <span class='ocrx_word' id='word_1_386' title='bbox 1215 3337 1308 3395; x_wconf 86' lang='lat' dir='ltr'><strong>valeat</strong></span> <span class='ocrx_word' id='word_1_387' title='bbox 1317 3338 1463 3406; x_wconf 87' lang='lat' dir='ltr'><strong>libertate,</strong></span> <span class='ocrx_word' id='word_1_388' title='bbox 1476 3341 1650 3411; x_wconf 88' lang='lat' dir='ltr'><strong>perpetuum</strong></span> <span class='ocrx_word' id='word_1_389' title='bbox 1662 3336 1687 3392; x_wconf 88' lang='lat' dir='ltr'><strong>ei</strong></span> <span class='ocrx_word' id='word_1_390' title='bbox 1698 3349 1789 3408; x_wconf 83' lang='lat' dir='ltr'><strong>super</strong></span> 
     </span>
     <span class='ocr_line' id='line_1_36' title="bbox 438 3424 1789 3501; baseline -0.001 -18"><span class='ocrx_word' id='word_1_391' title='bbox 438 3425 561 3483; x_wconf 83' lang='lat' dir='ltr'><strong>cxntx.</strong></span> <span class='ocrx_word' id='word_1_392' title='bbox 965 3429 1020 3486; x_wconf 90' lang='lat' dir='ltr'><strong>boc</strong></span> <span class='ocrx_word' id='word_1_393' title='bbox 1035 3428 1187 3487; x_wconf 87' lang='lat' dir='ltr'><strong>silentium</strong></span> <span class='ocrx_word' id='word_1_394' title='bbox 1202 3428 1371 3501; x_wconf 90' lang='lat' dir='ltr'><strong>imponatis,</strong></span> <span class='ocrx_word' id='word_1_395' title='bbox 1383 3427 1588 3483; x_wconf 75' lang='lat' dir='ltr'><strong>examinantes</strong></span> <span class='ocrx_word' id='word_1_396' title='bbox 1602 3424 1789 3499; x_wconf 84' lang='lat' dir='ltr'><strong>postmodun</strong></span> 
     </span>
     <span class='ocr_line' id='line_1_37' title="bbox 339 3513 1790 3590; baseline 0 -19"><span class='ocrx_word' id='word_1_397' title='bbox 339 3530 475 3572; x_wconf 79' lang='lat' dir='ltr'><strong>casanata</strong></span> <span class='ocrx_word' id='word_1_398' title='bbox 488 3530 662 3571; x_wconf 83' lang='lat' dir='ltr'><strong>ruaoanasr.</strong></span> <span class='ocrx_word' id='word_1_399' title='bbox 964 3518 1135 3575; x_wconf 89' lang='lat' dir='ltr'><strong>electionem</strong></span> <span class='ocrx_word' id='word_1_400' title='bbox 1147 3518 1279 3590; x_wconf 89' lang='lat' dir='ltr'><strong>ipsarum</strong></span> <span class='ocrx_word' id='word_1_401' title='bbox 1295 3515 1504 3574; x_wconf 87' lang='lat' dir='ltr'><strong>monialiomet</strong></span> <span class='ocrx_word' id='word_1_402' title='bbox 1515 3516 1683 3585; x_wconf 87' lang='lat' dir='ltr'><strong>electam,et</strong></span> <span class='ocrx_word' id='word_1_403' title='bbox 1692 3513 1790 3571; x_wconf 87' lang='lat' dir='ltr'><strong>sisam</strong></span> 
     </span>
     <span class='ocr_line' id='line_1_38' title="bbox 265 3602 1788 3680; baseline 0 -21"><span class='ocrx_word' id='word_1_404' title='bbox 265 3604 435 3677; x_wconf 83' lang='lat' dir='ltr'><strong>(Ferentini,</strong></span> <span class='ocrx_word' id='word_1_405' title='bbox 449 3620 476 3660; x_wconf 80' lang='lat' dir='ltr'><strong>ra</strong></span> <span class='ocrx_word' id='word_1_406' title='bbox 492 3608 564 3659; x_wconf 79' lang='lat' dir='ltr'><strong>Ncn.</strong></span> <span class='ocrx_word' id='word_1_407' title='bbox 578 3603 735 3663; x_wconf 77' lang='lat' dir='ltr'><strong>Octobris.)</strong></span> <span class='ocrx_word' id='word_1_408' title='bbox 964 3606 1138 3664; x_wconf 85' lang='lat' dir='ltr'><strong>inveneritis</strong></span> <span class='ocrx_word' id='word_1_409' title='bbox 1153 3609 1188 3663; x_wconf 91' lang='lat' dir='ltr'><strong>de</strong></span> <span class='ocrx_word' id='word_1_410' title='bbox 1199 3623 1324 3680; x_wconf 89' lang='lat' dir='ltr'><strong>persona</strong></span> <span class='ocrx_word' id='word_1_411' title='bbox 1335 3606 1440 3663; x_wconf 89' lang='lat' dir='ltr'><strong>idonea</strong></span> <span class='ocrx_word' id='word_1_412' title='bbox 1450 3605 1588 3661; x_wconf 90' lang='lat' dir='ltr'><strong>canonice</strong></span> <span class='ocrx_word' id='word_1_413' title='bbox 1599 3602 1788 3675; x_wconf 87' lang='lat' dir='ltr'><strong>celebratam,</strong></span> 
     </span>
     <span class='ocr_line' id='line_1_39' title="bbox 122 3691 1788 3770; baseline -0.001 -20"><span class='ocrx_word' id='word_1_414' title='bbox 122 3694 283 3766; x_wconf 89' lang='lat' dir='ltr'><strong>Diligenter</strong></span> <span class='ocrx_word' id='word_1_415' title='bbox 290 3693 400 3750; x_wconf 81' lang='lat' dir='ltr'><strong>auditis</strong></span> <span class='ocrx_word' id='word_1_416' title='bbox 413 3699 441 3751; x_wconf 87' lang='lat' dir='ltr'><strong>st</strong></span> <span class='ocrx_word' id='word_1_417' title='bbox 457 3692 667 3766; x_wconf 79' lang='lat' dir='ltr'><strong>perspicaciter</strong></span> <span class='ocrx_word' id='word_1_418' title='bbox 681 3692 837 3750; x_wconf 78' lang='lat' dir='ltr'><strong>intellectis</strong></span> <span class='ocrx_word' id='word_1_419' title='bbox 848 3710 910 3750; x_wconf 92' lang='lat' dir='ltr'><strong>orn·</strong></span> <span class='ocrx_word' id='word_1_420' title='bbox 965 3695 1060 3770; x_wconf 91' lang='lat' dir='ltr'><strong>ipsam</strong></span> <span class='ocrx_word' id='word_1_421' title='bbox 1077 3695 1251 3753; x_wconf 89' lang='lat' dir='ltr'><strong>auctoritate</strong></span> <span class='ocrx_word' id='word_1_422' title='bbox 1265 3703 1367 3753; x_wconf 88' lang='lat' dir='ltr'><strong>nostra</strong></span> <span class='ocrx_word' id='word_1_423' title='bbox 1380 3693 1497 3750; x_wconf 83' lang='lat' dir='ltr'><strong>sublato</strong></span> <span class='ocrx_word' id='word_1_424' title='bbox 1512 3691 1718 3767; x_wconf 86' lang='lat' dir='ltr'><strong>appellationis</strong></span> <span class='ocrx_word' id='word_1_425' title='bbox 1733 3692 1788 3749; x_wconf 88' lang='lat' dir='ltr'><strong>ab·</strong></span> 
     </span>
     <span class='ocr_line' id='line_1_40' title="bbox 87 3781 1284 3856; baseline 0.001 -15"><span class='ocrx_word' id='word_1_426' title='bbox 87 3785 175 3841; x_wconf 91' lang='lat' dir='ltr'><strong>nibus</strong></span> <span class='ocrx_word' id='word_1_427' title='bbox 190 3800 254 3856; x_wconf 76' lang='lat' dir='ltr'><strong>que</strong></span> <span class='ocrx_word' id='word_1_428' title='bbox 264 3800 361 3840; x_wconf 85' lang='lat' dir='ltr'><strong>eoram</strong></span> <span class='ocrx_word' id='word_1_429' title='bbox 375 3783 460 3841; x_wconf 88' lang='lat' dir='ltr'><strong>nobis</strong></span> <span class='ocrx_word' id='word_1_430' title='bbox 470 3782 630 3853; x_wconf 87' lang='lat' dir='ltr'><strong>apartibus</strong></span> <span class='ocrx_word' id='word_1_431' title='bbox 641 3782 790 3855; x_wconf 82' lang='lat' dir='ltr'><strong>proposita</strong></span> <span class='ocrx_word' id='word_1_432' title='bbox 801 3781 910 3839; x_wconf 89' lang='lat' dir='ltr'><strong>stalle·</strong></span> <span class='ocrx_word' id='word_1_433' title='bbox 965 3783 1079 3842; x_wconf 86' lang='lat' dir='ltr'><strong>stscnlo</strong></span> <span class='ocrx_word' id='word_1_434' title='bbox 1093 3783 1284 3842; x_wconf 88' lang='lat' dir='ltr'><strong>coniirmctis.</strong></span> 
     </span>
     <span class='ocr_line' id='line_1_41' title="bbox 86 3869 1790 3947; baseline -0.001 -17"><span class='ocrx_word' id='word_1_435' title='bbox 86 3880 155 3947; x_wconf 89' lang='lat' dir='ltr'><strong>gata</strong></span> <span class='ocrx_word' id='word_1_436' title='bbox 170 3874 288 3930; x_wconf 86' lang='lat' dir='ltr'><strong>luerunt</strong></span> <span class='ocrx_word' id='word_1_437' title='bbox 302 3888 391 3945; x_wconf 87' lang='lat' dir='ltr'><strong>super</strong></span> <span class='ocrx_word' id='word_1_438' title='bbox 405 3872 523 3928; x_wconf 86' lang='lat' dir='ltr'><strong>duabus</strong></span> <span class='ocrx_word' id='word_1_439' title='bbox 550 3871 744 3928; x_wconf 89' lang='lat' dir='ltr'><strong>electionibus</strong></span> <span class='ocrx_word' id='word_1_440' title='bbox 770 3871 800 3927; x_wconf 92' lang='lat' dir='ltr'><strong>in</strong></span> <span class='ocrx_word' id='word_1_441' title='bbox 814 3875 911 3928; x_wconf 81' lang='lat' dir='ltr'><strong>vestra</strong></span> <span class='ocrx_word' id='word_1_442' title='bbox 1001 3873 1108 3930; x_wconf 87' lang='lat' dir='ltr'><strong>Datum</strong></span> <span class='ocrx_word' id='word_1_443' title='bbox 1124 3874 1212 3942; x_wconf 78' lang='lat' dir='ltr'><strong>Sora,</strong></span> <span class='ocrx_word' id='word_1_444' title='bbox 1228 3872 1418 3947; x_wconf 83' lang='lat' dir='ltr'><strong>pontificatus</strong></span> <span class='ocrx_word' id='word_1_445' title='bbox 1428 3872 1522 3929; x_wconf 81' lang='lat' dir='ltr'><strong>nostri</strong></span> <span class='ocrx_word' id='word_1_446' title='bbox 1533 3887 1610 3931; x_wconf 82' lang='lat' dir='ltr'><strong>anno</strong></span> <span class='ocrx_word' id='word_1_447' title='bbox 1622 3869 1790 3929; x_wconf 87' lang='lat' dir='ltr'><strong>undecimo.</strong></span> 
     </span>
     <span class='ocr_line' id='line_1_42' title="bbox 87 3963 1409 4037; baseline 0.001 -17"><span class='ocrx_word' id='word_1_448' title='bbox 87 3964 218 4021; x_wconf 72' lang='lat' dir='ltr'><strong>Ecclesia</strong></span> <span class='ocrx_word' id='word_1_449' title='bbox 231 3963 398 4028; x_wconf 86' lang='lat' dir='ltr'><strong>celebratis,</strong></span> <span class='ocrx_word' id='word_1_450' title='bbox 409 3964 479 4037; x_wconf 89' lang='lat' dir='ltr'><strong>qnia</strong></span> <span class='ocrx_word' id='word_1_451' title='bbox 491 3981 543 4036; x_wconf 91' lang='lat' dir='ltr'><strong>per</strong></span> <span class='ocrx_word' id='word_1_452' title='bbox 556 3980 591 4021; x_wconf 87' lang='lat' dir='ltr'><strong>ea</strong></span> <span class='ocrx_word' id='word_1_453' title='bbox 606 3964 691 4020; x_wconf 90' lang='lat' dir='ltr'><strong>nobis</strong></span> <span class='ocrx_word' id='word_1_454' title='bbox 705 3963 839 4020; x_wconf 73' lang='lat' dir='ltr'><strong>cansbtit</strong></span> <span class='ocrx_word' id='word_1_455' title='bbox 851 3964 911 4020; x_wconf 87' lang='lat' dir='ltr'><strong>evi·</strong></span> <span class='ocrx_word' id='word_1_456' title='bbox 1342 3965 1409 4021; x_wconf 85' lang='lat' dir='ltr'><strong>CLl.</strong></span> 
     </span>
     <span class='ocr_line' id='line_1_43' title="bbox 87 4051 1652 4126; baseline -0.001 -17"><span class='ocrx_word' id='word_1_457' title='bbox 87 4053 189 4109; x_wconf 87' lang='lat' dir='ltr'><strong>denter</strong></span> <span class='ocrx_word' id='word_1_458' title='bbox 200 4054 278 4125; x_wconf 88' lang='lat' dir='ltr'><strong>quod</strong></span> <span class='ocrx_word' id='word_1_459' title='bbox 291 4070 358 4125; x_wconf 89' lang='lat' dir='ltr'><strong>pars</strong></span> <span class='ocrx_word' id='word_1_460' title='bbox 373 4052 423 4109; x_wconf 91' lang='lat' dir='ltr'><strong>illa</strong></span> <span class='ocrx_word' id='word_1_461' title='bbox 434 4068 498 4124; x_wconf 85' lang='lat' dir='ltr'><strong>qus</strong></span> <span class='ocrx_word' id='word_1_462' title='bbox 513 4051 652 4109; x_wconf 89' lang='lat' dir='ltr'><strong>dilectum</strong></span> <span class='ocrx_word' id='word_1_463' title='bbox 665 4051 758 4108; x_wconf 87' lang='lat' dir='ltr'><strong>tilium</strong></span> <span class='ocrx_word' id='word_1_464' title='bbox 771 4053 828 4126; x_wconf 96' lang='grc'>(78)</span> <span class='ocrx_word' id='word_1_465' title='bbox 842 4068 911 4109; x_wconf 87' lang='lat' dir='ltr'><strong>can·</strong></span> <span class='ocrx_word' id='word_1_466' title='bbox 1102 4070 1310 4111; x_wconf 78' lang='lat' dir='ltr'><strong>marnamuao</strong></span> <span class='ocrx_word' id='word_1_467' title='bbox 1324 4069 1490 4111; x_wconf 82' lang='lat' dir='ltr'><strong>caanrccasr</strong></span> <span class='ocrx_word' id='word_1_468' title='bbox 1505 4068 1652 4109; x_wconf 79' lang='lat' dir='ltr'><strong>arascoao.</strong></span> 
     </span>
     <span class='ocr_line' id='line_1_44' title="bbox 87 4141 1706 4216; baseline 0.001 -19"><span class='ocrx_word' id='word_1_469' title='bbox 87 4148 181 4199; x_wconf 90' lang='lat' dir='ltr'><strong>torem</strong></span> <span class='ocrx_word' id='word_1_470' title='bbox 192 4142 388 4199; x_wconf 72' lang='lat' dir='ltr'><strong>parisiensem</strong></span> <span class='ocrx_word' id='word_1_471' title='bbox 396 4142 555 4215; x_wconf 83' lang='lat' dir='ltr'><strong>elegiterat</strong></span> <span class='ocrx_word' id='word_1_472' title='bbox 564 4148 623 4199; x_wconf 83' lang='lat' dir='ltr'><strong>tarn</strong></span> <span class='ocrx_word' id='word_1_473' title='bbox 634 4142 808 4198; x_wconf 86' lang='lat' dir='ltr'><strong>auctoritate</strong></span> <span class='ocrx_word' id='word_1_474' title='bbox 821 4158 912 4215; x_wconf 86' lang='lat' dir='ltr'><strong>quam</strong></span> <span class='ocrx_word' id='word_1_475' title='bbox 1051 4142 1193 4216; x_wconf 72' lang='lat' dir='ltr'><strong>decipitur</strong></span> <span class='ocrx_word' id='word_1_476' title='bbox 1206 4145 1256 4200; x_wconf 82' lang='lat' dir='ltr'><strong>rob</strong></span> <span class='ocrx_word' id='word_1_477' title='bbox 1267 4144 1437 4216; x_wconf 79' lang='lat' dir='ltr'><strong>protectione</strong></span> <span class='ocrx_word' id='word_1_478' title='bbox 1452 4141 1706 4215; x_wconf 72' lang='lat' dir='ltr'><strong>apostolicaesedis.</strong></span> 
     </span>
     <span class='ocr_line' id='line_1_45' title="bbox 87 4229 1624 4306; baseline -0.001 -18"><span class='ocrx_word' id='word_1_479' title='bbox 87 4249 210 4289; x_wconf 89' lang='lat' dir='ltr'><strong>numero</strong></span> <span class='ocrx_word' id='word_1_480' title='bbox 221 4231 306 4306; x_wconf 90' lang='lat' dir='ltr'><strong>longe</strong></span> <span class='ocrx_word' id='word_1_481' title='bbox 322 4233 429 4300; x_wconf 90' lang='lat' dir='ltr'><strong>minor,</strong></span> <span class='ocrx_word' id='word_1_482' title='bbox 440 4235 547 4289; x_wconf 85' lang='lat' dir='ltr'><strong>eleum</strong></span> <span class='ocrx_word' id='word_1_483' title='bbox 558 4229 808 4303; x_wconf 87' lang='lat' dir='ltr'><strong>extracapitolum</strong></span> <span class='ocrx_word' id='word_1_484' title='bbox 821 4231 913 4304; x_wconf 92' lang='lat' dir='ltr'><strong>pluri·</strong></span> <span class='ocrx_word' id='word_1_485' title='bbox 1136 4232 1307 4304; x_wconf 79' lang='lat' dir='ltr'><strong>(Ferentini,</strong></span> <span class='ocrx_word' id='word_1_486' title='bbox 1322 4249 1355 4288; x_wconf 91' lang='grc' dir='ltr'><strong>ιιι</strong></span> <span class='ocrx_word' id='word_1_487' title='bbox 1372 4232 1447 4289; x_wconf 89' lang='lat' dir='ltr'><strong>Non.</strong></span> <span class='ocrx_word' id='word_1_488' title='bbox 1467 4231 1624 4300; x_wconf 87' lang='lat' dir='ltr'><strong>Octobris.)</strong></span> 
     </span>
     <span class='ocr_line' id='line_1_46' title="bbox 89 4319 1777 4393; baseline -0.001 -17"><span class='ocrx_word' id='word_1_489' title='bbox 89 4320 144 4377; x_wconf 90' lang='lat' dir='ltr'><strong>bus</strong></span> <span class='ocrx_word' id='word_1_490' title='bbox 160 4337 194 4377; x_wconf 87' lang='lat' dir='ltr'><strong>sx</strong></span> <span class='ocrx_word' id='word_1_491' title='bbox 210 4320 349 4377; x_wconf 86' lang='lat' dir='ltr'><strong>iratribus</strong></span> <span class='ocrx_word' id='word_1_492' title='bbox 365 4319 541 4377; x_wconf 90' lang='lat' dir='ltr'><strong>inconsultis</strong></span> <span class='ocrx_word' id='word_1_493' title='bbox 556 4320 688 4392; x_wconf 89' lang='lat' dir='ltr'><strong>legitima</strong></span> <span class='ocrx_word' id='word_1_494' title='bbox 708 4320 912 4392; x_wconf 84' lang='lat' dir='ltr'><strong>provocatione</strong></span> <span class='ocrx_word' id='word_1_495' title='bbox 1003 4321 1057 4389; x_wconf 87' lang='grc'>(81)</span> <span class='ocrx_word' id='word_1_496' title='bbox 1068 4319 1163 4377; x_wconf 80' lang='lat' dir='ltr'><strong>luetis</strong></span> <span class='ocrx_word' id='word_1_497' title='bbox 1179 4320 1341 4393; x_wconf 87' lang='lat' dir='ltr'><strong>petentium</strong></span> <span class='ocrx_word' id='word_1_498' title='bbox 1357 4319 1521 4391; x_wconf 86' lang='lat' dir='ltr'><strong>desideriis,</strong></span> <span class='ocrx_word' id='word_1_499' title='bbox 1537 4324 1605 4390; x_wconf 77' lang='lat' dir='ltr'><strong>etc,</strong></span> <span class='ocrx_word' id='word_1_500' title='bbox 1616 4332 1777 4389; x_wconf 80' lang='lat' dir='ltr'><strong>oaqaeccm</strong></span> 
     </span>
     <span class='ocr_line' id='line_1_47' title="bbox 89 4406 1792 4483; baseline 0.001 -19"><span class='ocrx_word' id='word_1_501' title='bbox 89 4412 258 4479; x_wconf 79' lang='lat' dir='ltr'><strong>contempta</strong></span> <span class='ocrx_word' id='word_1_502' title='bbox 268 4408 374 4481; x_wconf 81' lang='lat' dir='ltr'><strong>eligere</strong></span> <span class='ocrx_word' id='word_1_503' title='bbox 386 4427 443 4465; x_wconf 81' lang='lat' dir='ltr'><strong>non</strong></span> <span class='ocrx_word' id='word_1_504' title='bbox 455 4409 581 4482; x_wconf 82' lang='lat' dir='ltr'><strong>expavit,</strong></span> <span class='ocrx_word' id='word_1_505' title='bbox 590 4425 644 4465; x_wconf 93' lang='lat' dir='ltr'><strong>nos</strong></span> <span class='ocrx_word' id='word_1_506' title='bbox 656 4408 913 4481; x_wconf 79' lang='lat' dir='ltr'><strong>exigenteJnstitia</strong></span> <span class='ocrx_word' id='word_1_507' title='bbox 968 4410 1058 4483; x_wconf 87' lang='lat' dir='ltr'><strong>plere.</strong></span> <span class='ocrx_word' id='word_1_508' title='bbox 1074 4410 1244 4483; x_wconf 83' lang='lat' dir='ltr'><strong>llapropter,</strong></span> <span class='ocrx_word' id='word_1_509' title='bbox 1255 4409 1431 4467; x_wconf 86' lang='lat' dir='ltr'><strong>venerabilis</strong></span> <span class='ocrx_word' id='word_1_510' title='bbox 1446 4408 1476 4465; x_wconf 92' lang='lat' dir='ltr'><strong>in</strong></span> <span class='ocrx_word' id='word_1_511' title='bbox 1489 4408 1604 4464; x_wconf 84' lang='lat' dir='ltr'><strong>Christo</strong></span> <span class='ocrx_word' id='word_1_512' title='bbox 1616 4408 1717 4475; x_wconf 80' lang='lat' dir='ltr'><strong>irater,</strong></span> <span class='ocrx_word' id='word_1_513' title='bbox 1731 4406 1792 4465; x_wconf 87' lang='lat' dir='ltr'><strong>tuis</strong></span> 
     </span>
     <span class='ocr_line' id='line_1_48' title="bbox 88 4495 1793 4571; baseline 0.001 -20"><span class='ocrx_word' id='word_1_514' title='bbox 88 4496 260 4552; x_wconf 87' lang='lat' dir='ltr'><strong>electionem</strong></span> <span class='ocrx_word' id='word_1_515' title='bbox 272 4497 308 4553; x_wconf 91' lang='lat' dir='ltr'><strong>dc</strong></span> <span class='ocrx_word' id='word_1_516' title='bbox 319 4495 913 4570; x_wconf 83' lang='lat' dir='ltr'><strong>ipsoiactamduximosirritandam.0uin</strong></span> <span class='ocrx_word' id='word_1_517' title='bbox 927 4504 952 4571; x_wconf 76' lang='grc' dir='ltr'><strong>Ι)</strong></span> <span class='ocrx_word' id='word_1_518' title='bbox 966 4504 995 4557; x_wconf 87' lang='lat' dir='ltr'><strong>et</strong></span> <span class='ocrx_word' id='word_1_519' title='bbox 1010 4498 1182 4557; x_wconf 85' lang='lat' dir='ltr'><strong>venerabilis</strong></span> <span class='ocrx_word' id='word_1_520' title='bbox 1199 4499 1299 4555; x_wconf 79' lang='lat' dir='ltr'><strong>fratris</strong></span> <span class='ocrx_word' id='word_1_521' title='bbox 1313 4498 1406 4556; x_wconf 89' lang='lat' dir='ltr'><strong>nostri</strong></span> <span class='ocrx_word' id='word_1_522' title='bbox 1430 4496 1621 4555; x_wconf 73' lang='lat' dir='ltr'><strong>larissiensis</strong></span> <span class='ocrx_word' id='word_1_523' title='bbox 1645 4495 1793 4570; x_wconf 80' lang='lat' dir='ltr'><strong>archiepi-</strong></span> 
     </span>
     <span class='ocr_line' id='line_1_49' title="bbox 88 4584 1793 4662; baseline 0.002 -22"><span class='ocrx_word' id='word_1_524' title='bbox 88 4602 155 4642; x_wconf 84' lang='lat' dir='ltr'><strong>vcro</strong></span> <span class='ocrx_word' id='word_1_525' title='bbox 168 4603 236 4658; x_wconf 89' lang='lat' dir='ltr'><strong>pars</strong></span> <span class='ocrx_word' id='word_1_526' title='bbox 251 4584 352 4655; x_wconf 89' lang='lat' dir='ltr'><strong>altera,</strong></span> <span class='ocrx_word' id='word_1_527' title='bbox 365 4587 577 4658; x_wconf 73' lang='lat' dir='ltr'><strong>praedilectum</strong></span> <span class='ocrx_word' id='word_1_528' title='bbox 594 4586 688 4642; x_wconf 82' lang='lat' dir='ltr'><strong>filiurn</strong></span> <span class='ocrx_word' id='word_1_529' title='bbox 701 4586 757 4660; x_wconf 86' lang='grc'>(78)</span> <span class='ocrx_word' id='word_1_530' title='bbox 770 4587 913 4643; x_wconf 87' lang='lat' dir='ltr'><strong>decanum</strong></span> <span class='ocrx_word' id='word_1_531' title='bbox 968 4589 1048 4662; x_wconf 91' lang='lat' dir='ltr'><strong>scopi</strong></span> <span class='ocrx_word' id='word_1_532' title='bbox 1057 4588 1497 4662; x_wconf 87' lang='lat' dir='ltr'><strong>superbosapostolatuinostro</strong></span> <span class='ocrx_word' id='word_1_533' title='bbox 1504 4587 1646 4661; x_wconf 89' lang='lat' dir='ltr'><strong>porrectis</strong></span> <span class='ocrx_word' id='word_1_534' title='bbox 1656 4585 1793 4660; x_wconf 85' lang='lat' dir='ltr'><strong>precibus</strong></span> 
     </span>
     <span class='ocr_line' id='line_1_50' title="bbox 89 4674 1794 4749; baseline 0.002 -22"><span class='ocrx_word' id='word_1_535' title='bbox 89 4679 218 4732; x_wconf 86' lang='lat' dir='ltr'><strong>vestrum</strong></span> <span class='ocrx_word' id='word_1_536' title='bbox 234 4675 333 4747; x_wconf 87' lang='lat' dir='ltr'><strong>elegit,</strong></span> <span class='ocrx_word' id='word_1_537' title='bbox 347 4675 521 4731; x_wconf 90' lang='lat' dir='ltr'><strong>auctoritate</strong></span> <span class='ocrx_word' id='word_1_538' title='bbox 537 4674 622 4748; x_wconf 88' lang='lat' dir='ltr'><strong>longe</strong></span> <span class='ocrx_word' id='word_1_539' title='bbox 638 4678 734 4748; x_wconf 84' lang='lat' dir='ltr'><strong>major</strong></span> <span class='ocrx_word' id='word_1_540' title='bbox 744 4680 844 4733; x_wconf 79' lang='lat' dir='ltr'><strong>enatet</strong></span> <span class='ocrx_word' id='word_1_541' title='bbox 860 4693 915 4733; x_wconf 91' lang='lat' dir='ltr'><strong>nu·</strong></span> <span class='ocrx_word' id='word_1_542' title='bbox 969 4676 1288 4740; x_wconf 84' lang='lat' dir='ltr'><strong>inclinati,arrrtcritate</strong></span> <span class='ocrx_word' id='word_1_543' title='bbox 1302 4676 1487 4748; x_wconf 77' lang='lat' dir='ltr'><strong>presentium</strong></span> <span class='ocrx_word' id='word_1_544' title='bbox 1501 4676 1670 4732; x_wconf 90' lang='lat' dir='ltr'><strong>inhibemus</strong></span> <span class='ocrx_word' id='word_1_545' title='bbox 1679 4692 1715 4731; x_wconf 90' lang='lat' dir='ltr'><strong>ne</strong></span> <span class='ocrx_word' id='word_1_546' title='bbox 1726 4674 1794 4749; x_wconf 87' lang='lat' dir='ltr'><strong>quis</strong></span> 
     </span>
     <span class='ocr_line' id='line_1_51' title="bbox 90 4763 1793 4839; baseline 0.001 -20"><span class='ocrx_word' id='word_1_547' title='bbox 90 4781 183 4831; x_wconf 88' lang='lat' dir='ltr'><strong>mero,</strong></span> <span class='ocrx_word' id='word_1_548' title='bbox 199 4763 335 4836; x_wconf 79' lang='lat' dir='ltr'><strong>quamvis</strong></span> <span class='ocrx_word' id='word_1_549' title='bbox 346 4780 413 4819; x_wconf 91' lang='lat' dir='ltr'><strong>eum</strong></span> <span class='ocrx_word' id='word_1_550' title='bbox 426 4767 491 4835; x_wconf 89' lang='lat' dir='ltr'><strong>post</strong></span> <span class='ocrx_word' id='word_1_551' title='bbox 504 4764 915 4836; x_wconf 87' lang='lat' dir='ltr'><strong>quatuorappellationesels·</strong></span> <span class='ocrx_word' id='word_1_552' title='bbox 971 4766 1381 4839; x_wconf 80' lang='lat' dir='ltr'><strong>superbeneirciottcrdicensi</strong></span> <span class='ocrx_word' id='word_1_553' title='bbox 1398 4772 1426 4823; x_wconf 90' lang='lat' dir='ltr'><strong>et</strong></span> <span class='ocrx_word' id='word_1_554' title='bbox 1437 4765 1599 4833; x_wconf 79' lang='lat' dir='ltr'><strong>valestino,</strong></span> <span class='ocrx_word' id='word_1_555' title='bbox 1614 4764 1690 4836; x_wconf 89' lang='lat' dir='ltr'><strong>qnod</strong></span> <span class='ocrx_word' id='word_1_556' title='bbox 1714 4763 1793 4820; x_wconf 87' lang='lat' dir='ltr'><strong>idem</strong></span> 
     </span>
     <span class='ocr_line' id='line_1_52' title="bbox 89 4851 1793 4928; baseline -0.001 -19"><span class='ocrx_word' id='word_1_557' title='bbox 89 4854 173 4926; x_wconf 83' lang='lat' dir='ltr'><strong>gerit,</strong></span> <span class='ocrx_word' id='word_1_558' title='bbox 188 4853 257 4923; x_wconf 88' lang='lat' dir='ltr'><strong>quia</strong></span> <span class='ocrx_word' id='word_1_559' title='bbox 273 4857 370 4909; x_wconf 90' lang='lat' dir='ltr'><strong>tamen</strong></span> <span class='ocrx_word' id='word_1_560' title='bbox 383 4868 416 4908; x_wconf 82' lang='lat' dir='ltr'><strong>ex</strong></span> <span class='ocrx_word' id='word_1_561' title='bbox 432 4851 474 4908; x_wconf 87' lang='lat' dir='ltr'><strong>eis</strong></span> <span class='ocrx_word' id='word_1_562' title='bbox 490 4854 553 4906; x_wconf 80' lang='lat' dir='ltr'><strong>dns</strong></span> <span class='ocrx_word' id='word_1_563' title='bbox 566 4869 622 4908; x_wconf 92' lang='lat' dir='ltr'><strong>non</strong></span> <span class='ocrx_word' id='word_1_564' title='bbox 638 4852 915 4925; x_wconf 85' lang='lat' dir='ltr'><strong>ineruntlegitimae,</strong></span> <span class='ocrx_word' id='word_1_565' title='bbox 970 4854 1209 4928; x_wconf 83' lang='lat' dir='ltr'><strong>archiepiscopus</strong></span> <span class='ocrx_word' id='word_1_566' title='bbox 1225 4856 1346 4928; x_wconf 88' lang='lat' dir='ltr'><strong>provida</strong></span> <span class='ocrx_word' id='word_1_567' title='bbox 1366 4854 1419 4912; x_wconf 92' lang='lat' dir='ltr'><strong>tibi</strong></span> <span class='ocrx_word' id='word_1_568' title='bbox 1450 4855 1623 4912; x_wconf 89' lang='lat' dir='ltr'><strong>liberalitate</strong></span> <span class='ocrx_word' id='word_1_569' title='bbox 1637 4853 1793 4923; x_wconf 86' lang='lat' dir='ltr'><strong>concessit,</strong></span> 
     </span>
     <span class='ocr_line' id='line_1_53' title="bbox 90 4940 1793 5016; baseline 0 -19"><span class='ocrx_word' id='word_1_570' title='bbox 90 4942 169 4997; x_wconf 87' lang='lat' dir='ltr'><strong>unde</strong></span> <span class='ocrx_word' id='word_1_571' title='bbox 185 4940 245 4996; x_wconf 89' lang='lat' dir='ltr'><strong>illis</strong></span> <span class='ocrx_word' id='word_1_572' title='bbox 258 4957 316 4996; x_wconf 88' lang='lat' dir='ltr'><strong>nnn</strong></span> <span class='ocrx_word' id='word_1_573' title='bbox 330 4940 665 5005; x_wconf 85' lang='lat' dir='ltr'><strong>tueratdeierendum‚et</strong></span> <span class='ocrx_word' id='word_1_574' title='bbox 675 4946 776 4997; x_wconf 88' lang='lat' dir='ltr'><strong>contra</strong></span> <span class='ocrx_word' id='word_1_575' title='bbox 786 4942 916 5013; x_wconf 89' lang='lat' dir='ltr'><strong>reliquas</strong></span> <span class='ocrx_word' id='word_1_576' title='bbox 972 4952 1077 4999; x_wconf 91' lang='lat' dir='ltr'><strong>temere</strong></span> <span class='ocrx_word' id='word_1_577' title='bbox 1092 4948 1120 4998; x_wconf 89' lang='lat' dir='ltr'><strong>tc</strong></span> <span class='ocrx_word' id='word_1_578' title='bbox 1136 4943 1293 5000; x_wconf 83' lang='lat' dir='ltr'><strong>molestare</strong></span> <span class='ocrx_word' id='word_1_579' title='bbox 1309 4949 1477 5016; x_wconf 83' lang='lat' dir='ltr'><strong>prasumat.</strong></span> <span class='ocrx_word' id='word_1_580' title='bbox 1493 4943 1573 5000; x_wconf 84' lang='lat' dir='ltr'><strong>Nulli</strong></span> <span class='ocrx_word' id='word_1_581' title='bbox 1588 4957 1657 5014; x_wconf 87' lang='lat' dir='ltr'><strong>ergo</strong></span> <span class='ocrx_word' id='word_1_582' title='bbox 1672 4941 1793 4998; x_wconf 88' lang='lat' dir='ltr'><strong>omnino</strong></span> 
     </span>
     <span class='ocr_line' id='line_1_54' title="bbox 89 5028 1793 5106; baseline 0 -21"><span class='ocrx_word' id='word_1_583' title='bbox 89 5030 165 5085; x_wconf 91' lang='lat' dir='ltr'><strong>duas</strong></span> <span class='ocrx_word' id='word_1_584' title='bbox 176 5028 250 5085; x_wconf 92' lang='lat' dir='ltr'><strong>nibil</strong></span> <span class='ocrx_word' id='word_1_585' title='bbox 266 5030 380 5085; x_wconf 86' lang='lat' dir='ltr'><strong>exstitit</strong></span> <span class='ocrx_word' id='word_1_586' title='bbox 394 5032 582 5095; x_wconf 86' lang='lat' dir='ltr'><strong>attentatum,</strong></span> <span class='ocrx_word' id='word_1_587' title='bbox 606 5044 673 5085; x_wconf 89' lang='lat' dir='ltr'><strong>cum</strong></span> <span class='ocrx_word' id='word_1_588' title='bbox 703 5029 768 5100; x_wconf 80' lang='lat' dir='ltr'><strong>ejas</strong></span> <span class='ocrx_word' id='word_1_589' title='bbox 793 5046 917 5101; x_wconf 85' lang='lat' dir='ltr'><strong>persona</strong></span> <span class='ocrx_word' id='word_1_590' title='bbox 971 5031 1161 5089; x_wconf 88' lang='lat' dir='ltr'><strong>bominum...</strong></span> <span class='ocrx_word' id='word_1_591' title='bbox 1177 5035 1314 5106; x_wconf 86' lang='lat' dir='ltr'><strong>paginam</strong></span> <span class='ocrx_word' id='word_1_592' title='bbox 1340 5042 1445 5090; x_wconf 78' lang='lat' dir='ltr'><strong>nostra</strong></span> <span class='ocrx_word' id='word_1_593' title='bbox 1473 5031 1660 5089; x_wconf 89' lang='lat' dir='ltr'><strong>inhibitionis</strong></span> <span class='ocrx_word' id='word_1_594' title='bbox 1686 5029 1793 5086; x_wconf 83' lang='lat' dir='ltr'><strong>inirin-</strong></span> 
     </span>
     <span class='ocr_line' id='line_1_55' title="bbox 90 5117 1792 5193; baseline 0.001 -19"><span class='ocrx_word' id='word_1_595' title='bbox 90 5118 251 5174; x_wconf 87' lang='lat' dir='ltr'><strong>multorum</strong></span> <span class='ocrx_word' id='word_1_596' title='bbox 265 5117 914 5189; x_wconf 85' lang='lat' dir='ltr'><strong>testimonicnobisineritmultipliciterccm-</strong></span> <span class='ocrx_word' id='word_1_597' title='bbox 970 5134 1049 5191; x_wconf 83' lang='lat' dir='ltr'><strong>gera,</strong></span> <span class='ocrx_word' id='word_1_598' title='bbox 1065 5125 1132 5187; x_wconf 77' lang='lat' dir='ltr'><strong>etc,</strong></span> <span class='ocrx_word' id='word_1_599' title='bbox 1147 5137 1235 5193; x_wconf 77' lang='lat' dir='ltr'><strong>aeque</strong></span> <span class='ocrx_word' id='word_1_600' title='bbox 1247 5122 1403 5178; x_wconf 87' lang='lat' dir='ltr'><strong>contraire.</strong></span> <span class='ocrx_word' id='word_1_601' title='bbox 1429 5122 1458 5177; x_wconf 83' lang='lat' dir='ltr'><strong>Si</strong></span> <span class='ocrx_word' id='word_1_602' title='bbox 1475 5122 1541 5190; x_wconf 74' lang='lat' dir='ltr'><strong>quia</strong></span> <span class='ocrx_word' id='word_1_603' title='bbox 1556 5124 1654 5175; x_wconf 90' lang='lat' dir='ltr'><strong>autem</strong></span> <span class='ocrx_word' id='word_1_604' title='bbox 1678 5117 1733 5174; x_wconf 90' lang='lat' dir='ltr'><strong>boc</strong></span> <span class='ocrx_word' id='word_1_605' title='bbox 1746 5121 1792 5175; x_wconf 81' lang='lat' dir='ltr'><strong>at·</strong></span> 
     </span>
     <span class='ocr_line' id='line_1_56' title="bbox 91 5205 1721 5283; baseline -0.001 -20"><span class='ocrx_word' id='word_1_606' title='bbox 91 5208 239 5276; x_wconf 84' lang='lat' dir='ltr'><strong>mandata,</strong></span> <span class='ocrx_word' id='word_1_607' title='bbox 255 5211 285 5264; x_wconf 84' lang='lat' dir='ltr'><strong>et</strong></span> <span class='ocrx_word' id='word_1_608' title='bbox 299 5212 402 5264; x_wconf 87' lang='lat' dir='ltr'><strong>contra</strong></span> <span class='ocrx_word' id='word_1_609' title='bbox 416 5222 481 5262; x_wconf 88' lang='lat' dir='ltr'><strong>eam</strong></span> <span class='ocrx_word' id='word_1_610' title='bbox 497 5206 570 5262; x_wconf 90' lang='lat' dir='ltr'><strong>nibil</strong></span> <span class='ocrx_word' id='word_1_611' title='bbox 585 5206 705 5262; x_wconf 91' lang='lat' dir='ltr'><strong>omnino</strong></span> <span class='ocrx_word' id='word_1_612' title='bbox 716 5205 803 5262; x_wconf 88' lang='lat' dir='ltr'><strong>luerit</strong></span> <span class='ocrx_word' id='word_1_613' title='bbox 817 5206 854 5262; x_wconf 86' lang='lat' dir='ltr'><strong>ab</strong></span> <span class='ocrx_word' id='word_1_614' title='bbox 865 5205 916 5261; x_wconf 87' lang='lat' dir='ltr'><strong>ad·</strong></span> <span class='ocrx_word' id='word_1_615' title='bbox 971 5211 1086 5265; x_wconf 89' lang='lat' dir='ltr'><strong>tentare</strong></span> <span class='ocrx_word' id='word_1_616' title='bbox 1101 5211 1331 5283; x_wconf 74' lang='lat' dir='ltr'><strong>praesumpserit,</strong></span> <span class='ocrx_word' id='word_1_617' title='bbox 1341 5215 1408 5275; x_wconf 90' lang='lat' dir='ltr'><strong>ctc.‚</strong></span> <span class='ocrx_word' id='word_1_618' title='bbox 1424 5225 1508 5280; x_wconf 83' lang='lat' dir='ltr'><strong>usqae</strong></span> <span class='ocrx_word' id='word_1_619' title='bbox 1522 5208 1721 5263; x_wconf 88' lang='lat' dir='ltr'><strong>incursurum.</strong></span> 
     </span>
     <span class='ocr_line' id='line_1_57' title="bbox 90 5293 1792 5370; baseline 0.001 -18"><span class='ocrx_word' id='word_1_620' title='bbox 90 5298 457 5370; x_wconf 84' lang='lat' dir='ltr'><strong>verssparteprobatum,</strong></span> <span class='ocrx_word' id='word_1_621' title='bbox 478 5313 532 5353; x_wconf 91' lang='lat' dir='ltr'><strong>nos</strong></span> <span class='ocrx_word' id='word_1_622' title='bbox 552 5298 588 5353; x_wconf 90' lang='lat' dir='ltr'><strong>de</strong></span> <span class='ocrx_word' id='word_1_623' title='bbox 612 5297 762 5352; x_wconf 90' lang='lat' dir='ltr'><strong>communi</strong></span> <span class='ocrx_word' id='word_1_624' title='bbox 793 5298 915 5351; x_wconf 88' lang='lat' dir='ltr'><strong>iratrnm</strong></span> <span class='ocrx_word' id='word_1_625' title='bbox 1006 5296 1112 5353; x_wconf 87' lang='lat' dir='ltr'><strong>Datum</strong></span> <span class='ocrx_word' id='word_1_626' title='bbox 1127 5298 1286 5364; x_wconf 77' lang='lat' dir='ltr'><strong>Ferentini,</strong></span> <span class='ocrx_word' id='word_1_627' title='bbox 1302 5315 1334 5354; x_wconf 87' lang='lat' dir='ltr'><strong>nr</strong></span> <span class='ocrx_word' id='word_1_628' title='bbox 1348 5293 1792 5368; x_wconf 74' lang='lat' dir='ltr'><strong>Nonasoctobrtsponrtficatas</strong></span> 
     </span>
     <span class='ocr_line' id='line_1_58' title="bbox 89 5386 1337 5461; baseline -0.001 -18"><span class='ocrx_word' id='word_1_629' title='bbox 89 5387 915 5461; x_wconf 85' lang='lat' dir='ltr'><strong>nostrorumoonsilioelectionsmdeipsolantamancto-</strong></span> <span class='ocrx_word' id='word_1_630' title='bbox 971 5386 1063 5442; x_wconf 85' lang='lat' dir='ltr'><strong>nostri</strong></span> <span class='ocrx_word' id='word_1_631' title='bbox 1078 5401 1156 5442; x_wconf 85' lang='lat' dir='ltr'><strong>anno</strong></span> <span class='ocrx_word' id='word_1_632' title='bbox 1169 5386 1337 5442; x_wconf 87' lang='lat' dir='ltr'><strong>undecimo.</strong></span> 
     </span>
    </p>
   </div>
   <div class='ocr_carea' id='block_1_3' title="bbox 125 5527 1594 5676">
    <p class='ocr_par' dir='ltr' id='par_1_3' title="bbox 125 5527 1594 5676">
     <span class='ocr_line' id='line_1_59' title="bbox 125 5527 1594 5604; baseline 0.001 -19"><span class='ocrx_word' id='word_1_633' title='bbox 125 5531 182 5602; x_wconf 75' lang='lat' dir='ltr'><strong>(tet</strong></span> <span class='ocrx_word' id='word_1_634' title='bbox 199 5530 356 5587; x_wconf 82' lang='lat' dir='ltr'><strong>ttoberturn</strong></span> <span class='ocrx_word' id='word_1_635' title='bbox 376 5532 412 5587; x_wconf 94' lang='lat' dir='ltr'><strong>de</strong></span> <span class='ocrx_word' id='word_1_636' title='bbox 427 5530 547 5588; x_wconf 81' lang='lat' dir='ltr'><strong>vitreio.</strong></span> <span class='ocrx_word' id='word_1_637' title='bbox 1004 5530 1062 5603; x_wconf 91' lang='grc'>(80)</span> <span class='ocrx_word' id='word_1_638' title='bbox 1077 5528 1150 5585; x_wconf 88' lang='lat' dir='ltr'><strong>Vide</strong></span> <span class='ocrx_word' id='word_1_639' title='bbox 1164 5532 1188 5585; x_wconf 90' lang='lat' dir='ltr'><strong>t.</strong></span> <span class='ocrx_word' id='word_1_640' title='bbox 1203 5528 1215 5585; x_wconf 95' lang='lat' dir='ltr'><strong>l</strong></span> <span class='ocrx_word' id='word_1_641' title='bbox 1231 5527 1301 5585; x_wconf 81' lang='lat' dir='ltr'><strong>Gall.</strong></span> <span class='ocrx_word' id='word_1_642' title='bbox 1318 5529 1432 5597; x_wconf 73' lang='lat' dir='ltr'><strong>Christ,</strong></span> <span class='ocrx_word' id='word_1_643' title='bbox 1448 5546 1515 5604; x_wconf 83' lang='lat' dir='ltr'><strong>pag.</strong></span> <span class='ocrx_word' id='word_1_644' title='bbox 1530 5531 1594 5587; x_wconf 82' lang='grc'>771.</span> 
     </span>
     <span class='ocr_line' id='line_1_60' title="bbox 126 5592 1458 5676; baseline 0.003 -20"><span class='ocrx_word' id='word_1_645' title='bbox 126 5592 183 5676; x_wconf 74' lang='lat' dir='ltr'><strong>(ta)</strong></span> <span class='ocrx_word' id='word_1_646' title='bbox 197 5602 341 5660; x_wconf 88' lang='lat' dir='ltr'><strong>loannem</strong></span> <span class='ocrx_word' id='word_1_647' title='bbox 357 5603 393 5660; x_wconf 93' lang='lat' dir='ltr'><strong>de</strong></span> <span class='ocrx_word' id='word_1_648' title='bbox 408 5602 493 5673; x_wconf 67' lang='lat' dir='ltr'><strong>Fara.</strong></span> <span class='ocrx_word' id='word_1_649' title='bbox 1005 5602 1062 5675; x_wconf 89' lang='grc'>(81)</span> <span class='ocrx_word' id='word_1_650' title='bbox 1078 5600 1148 5658; x_wconf 87' lang='lat' dir='ltr'><strong>Vide</strong></span> <span class='ocrx_word' id='word_1_651' title='bbox 1166 5598 1206 5656; x_wconf 91' lang='lat' dir='ltr'><strong>lib</strong></span> <span class='ocrx_word' id='word_1_652' title='bbox 1218 5617 1276 5668; x_wconf 81' lang='lat' dir='ltr'><strong>xva,</strong></span> <span class='ocrx_word' id='word_1_653' title='bbox 1291 5602 1379 5675; x_wconf 87' lang='lat' dir='ltr'><strong>epist.</strong></span> <span class='ocrx_word' id='word_1_654' title='bbox 1397 5601 1458 5660; x_wconf 85' lang='grc'>115.</span> 
     </span>
    </p>
   </div>
   <div class='ocr_carea' id='block_1_4' title="bbox 0 0 1898 6000">
    <p class='ocr_par' dir='ltr' id='par_1_4' title="bbox 0 0 1898 6000">
     <span class='ocr_line' id='line_1_61' title="bbox 0 0 1898 6000; baseline 0 0"><span class='ocrx_word' id='word_1_655' title='bbox 0 0 1898 6000; x_wconf 95' lang='lat' dir='ltr'><strong> </strong></span> 
     </span>
    </p>
   </div>
  </div>
 </body>
</html>
