3788 6022
84 217 142 275 sor
444 235 449 241 ·
588 210 847 272 ronrmcarna
862 209 964 268 anuo
981 207 1034 282 rx,
1049 212 1195 269 oanan
1214 210 1294 270 taos.
1744 223 1800 285 m

83 341 216 409 Setaea,
233 352 313 395 nunc
327 334 493 410 increparit,
509 332 568 392 nisi
582 337 688 392 eontra
702 333 854 408 provisum
870 330 962 400 lut
1010 333 1150 392 lacedem
1174 333 1296 409 modurn,
1315 338 1444 411 iliadem,
1458 356 1510 414 per
1532 346 1631 413 bium,
1658 349 1799 419 mensae

86 432 156 503 erit,
170 429 261 488 veluti
287 443 395 486 cancer
418 429 560 501 serperet,
576 427 733 484 etsensim
749 443 781 484 se
796 427 830 483 ed
846 424 921 482 alios
974 423 1108 481 emittere
1123 425 1307 486 comitatum.
1323 426 1415 498 Unde,
1434 430 1582 489 mittimus
1597 435 1633 490 ad
1649 450 1700 493 eos
1713 453 1800 495 vane·

89 522 241 580 dilataret.
254 519 400 587 Profecto,
411 517 447 591 si,
459 532 526 572 eum
546 516 701 590 proximus
715 516 798 573 ardet
813 515 921 588 paries,
974 512 1094 570 rabilem
1121 513 1240 572 tratrem
1267 521 1437 575 nostrum...
1453 518 1670 580 vercellensem
1686 524 1800 598 episeo-

89 613 140 688 sgi
156 628 203 669 ras
219 614 322 668 nostra
333 609 460 677 dicatur,
474 610 502 663 et
521 606 587 676 boo,
598 607 676 677 quod
687 605 818 664 Ecclesia
833 622 921 679 gone·
974 618 1045 675 pum
1060 603 1149 677 (731),
1170 610 1199 661 at
1217 605 1358 663 dilectum
1372 606 1504 668 lilium...
1520 612 1658 669 abbatem
1672 613 1802 671 daTilli·

89 702 165 761 ralis
185 701 215 757 io
237 699 358 772 speciali
383 706 465 771 parte
488 696 667 766 concutitur,
683 713 740 752 non
766 695 805 752 sit
829 695 922 766 aliud,
974 697 1020 750 clo
1036 694 1122 767 (732),
1150 700 1179 751 et
1205 697 1407 771 presbyterum
1423 698 1572 759 elbertum
1589 702 1801 778 Mantuanum,

88 807 194 867 qnam,
211 795 297 863 rupto
315 787 355 844 ibi
372 785 550 843 antemurali
567 786 643 858 ejus,
659 785 695 842 ad
712 786 923 860 captivandum
974 789 1043 852 ate„
1058 800 1145 857 move
1158 785 1191 841 ia
1206 785 1300 845 taem.

91 881 191 955 ipsam
216 879 299 935 intus
330 877 360 933 in
386 876 488 932 eedem
515 876 650 942 intretur,
668 876 924 949 pernecessarium
1010 873 1118 931 Datum
1132 875 1276 944 Laterani,
1294 893 1333 932 vu
1354 878 1582 940 ldueOctobris.

90 987 157 1030 esee
169 965 482 1042 dignoscitur,utillue
493 965 529 1022 ad
541 965 761 1023 defendendum
771 983 835 1023 cam
848 967 924 1039 pari·
1272 965 1395 1025 CLXVII
1414 969 1499 1042 (733).

90 1065 137 1118 ter
151 1057 309 1124 occuratis,
334 1054 385 1113 ubi
409 1056 445 1112 ed
476 1054 654 1111 diruendum
681 1055 834 1112 munimen
857 1057 924 1128 ejus
978 1092 1033 1112 .....
1036 1069 1442 1128 rorssrarrmcossuamus,
1460 1074 1615 1120 aaronem
1633 1079 1800 1122 anamma.

95 1147 291 1223 malignitatis
303 1145 380 1203 arios
390 1149 435 1202 est
447 1144 596 1203 admotus.
612 1144 694 1215 llaec,
707 1147 824 1215 iratres,
840 1145 924 1203 multi
1166 1161 1306 1204 seranna
1321 1162 1444 1205 cousrmr
1465 1165 1604 1209 sauroms

94 1244 246 1298 certamen
260 1236 317 1294 boc
334 1235 498 1308 respiciunt
512 1239 541 1291 el
556 1235 725 1306 observant,
735 1234 797 1310 qui,
814 1235 839 1291 si
855 1252 924 1308 par·
1278 1237 1367 1309 Super
1388 1239 1492 1296 codena

93 1335 155 1389 tem
171 1332 305 1386 nostram
318 1325 460 1382 viderunt
474 1323 504 1381 in
521 1324 585 1397 ipso
601 1326 806 1393 succumbere,
822 1324 923 1381 statim
1153 1326 1313 1398 (Laterani,
1342 1328 1433 1385 Nonis
1462 1329 1620 1406 Octobris.)

95 1418 192 1495 parati
208 1423 293 1474 erunt
308 1431 437 1489 ergavos
453 1414 551 1472 simile
563 1415 709 1488 flagitium
721 1418 876 1485 attentare,
892 1430 926 1472 ao
1014 1415 1095 1472 'l'acti
1110 1432 1215 1473 sumus
1230 1416 1329 1474 dolore
1344 1417 1442 1475 cordis
1453 1417 1646 1491 intrinsecus,
1662 1427 1691 1479 ot
1706 1439 1801 1497 usque
1838 1441 1842 1447 ·

94 1527 148 1568 vos
162 1509 206 1565 eis
218 1511 299 1565 tanto
317 1507 439 1562 demum
455 1503 608 1562 dillleilius
625 1504 764 1562 resistere
779 1504 924 1574 valeretis,
979 1505 1015 1561 ad
1033 1505 1267 1579 animamipeius
1282 1505 1392 1564 doloris
1406 1508 1525 1581 gladius
1536 1511 1737 1582 pertransivit,
1748 1529 1801 1587 pro

94 1594 925 1673 quantoremissiusobslltissetispracursoribuseorum·
980 1611 1015 1652 eo
1038 1596 1128 1668 quod,
1152 1612 1218 1653 oum
1234 1595 1337 1654 civitas
1351 1596 1520 1657 Placentina
1534 1602 1722 1660 consueverit
1736 1619 1802 1660 esse

97 1690 176 1747 dam.
188 1684 277 1743 Scitis
289 1685 423 1759 quidem,
439 1685 516 1757 quod
533 1686 682 1758 principes
697 1685 828 1755 Assueri,
842 1702 877 1742 ne
888 1685 924 1742 ad
939 1707 964 1773 B
979 1684 1145 1758 apostolica
1156 1686 1218 1742 sedi
1230 1685 1315 1743 valdo
1325 1687 1439 1759 devota,
1455 1705 1534 1747 nunc
1553 1693 1688 1748 mutatus
1698 1694 1743 1748 ost
1755 1708 1803 1749 oo·
1825 1727 1827 1733 π

96 1776 236 1835 mulieres
246 1791 349 1833 eorum
362 1774 572 1831 contemnendi
585 1773 924 1848 perveniretcxemplum
979 1773 1024 1831 lor
1038 1773 1178 1845 optimus,
1193 1779 1222 1831 et
1236 1791 1341 1832 surum
1359 1776 1387 1833 in
1403 1777 1529 1835 scoriam
1544 1784 1590 1836 est
1616 1796 1804 1853 conversum,

95 1866 205 1941 regina
216 1863 434 1923 contumaciam
451 1862 549 1936 puniri
565 1861 924 1933 unanimitersuasorunt,
980 1863 1121 1936 quoniam
1136 1865 1208 1921 adeo
1226 1865 1344 1923 exbibet
1363 1883 1394 1923 se
1408 1866 1568 1942 ingratam,
1582 1873 1612 1926 et
1629 1869 1711 1927 nulla
1724 1870 1755 1927 in
1769 1888 1806 1929 ea

97 1961 127 2014 et
142 1955 277 2013 custodes
302 1968 452 2027 agrorum,
470 1969 505 2008 ne
532 1968 583 2024 per
609 1951 787 2008 alluvionem
803 1956 925 2025 pareant
979 1953 1114 2010 videatur
1141 1953 1306 2012 devotionis
1335 1960 1387 2013 aut
1414 1958 1606 2030 gratitudinis
1621 1961 1802 2018 remansisse

98 2052 164 2104 sata
178 2061 243 2114 sua,
255 2045 283 2100 io
301 2043 401 2099 aliena
413 2046 495 2100 tarra
505 2040 648 2097 limitibus
665 2045 767 2096 eontra
780 2040 925 2114 impetum
980 2042 1435 2115 scintilla,dum,ejusmonitisat
1445 2048 1592 2105 mandatis
1603 2050 1802 2107 omnioocon·

99 2135 242 2194 torrentis
258 2136 428 2192 accurrunt.
443 2132 490 2188 Sic
506 2130 596 2204 igitur
610 2147 662 2186 vos
688 2135 802 2201 oportet
828 2130 926 2188 aliena
980 2134 1111 2205 temptis,
1125 2137 1248 2189 matrem
1264 2150 1348 2191 suam
1360 2135 1558 2193 Placentinum
1571 2137 1733 2196 Ecclesiam
1748 2139 1801 2196 bo·

98 2223 231 2301 pericula
244 2226 341 2281 vestra
357 2223 464 2287 lacere,
480 2220 539 2277 irno
555 2218 661 2276 vestris
678 2218 707 2274 in
724 2218 828 2276 alienis
844 2220 925 2292 peri·
980 2221 1112 2279 norabile
1123 2222 1736 2295 membrumipsius,baretioorumseducta
1748 2227 1802 2286 sal·
1852 2242 1855 2247 ·

100 2314 178 2373 culis
193 2313 321 2381 obviare,
336 2315 378 2380 ut,
391 2310 416 2366 si
428 2310 588 2383 prudentor
598 2309 685 2366 malis
695 2308 857 2365 vicinorum
873 2309 925 2366 ob·
980 2311 1075 2382 laoils,
1088 2311 1340 2370 nititurancillare
1352 2313 1452 2370 volans
1471 2331 1535 2371 eam
1546 2317 1633 2390 quasi
1648 2316 1703 2374 vile
1718 2333 1807 2374 man·

102 2403 229 2471 slatatla,
244 2417 295 2476 per
307 2416 410 2458 corum
427 2398 611 2470 triumphum
627 2415 677 2454 vos
693 2399 770 2471 ipsos
781 2397 927 2472 quasiper
981 2400 1093 2474 cipium
1109 2402 1242 2474 redigere
1257 2403 1313 2459 sub
1332 2404 1454 2472 tributo,
1470 2409 1503 2460 ut
1528 2410 1649 2463 cataras
1672 2406 1806 2465 civitates

101 2493 238 2568 elypeum
263 2490 436 2564 protegatis.
463 2489 616 2556 Quocirca,
646 2488 860 2547 fraternitatem
876 2505 927 2545 ve·
981 2506 1035 2547 suo
1048 2490 1179 2562 exemplo
1192 2508 1396 2565 corrumpens,
1417 2510 1476 2550 una
1497 2500 1634 2567 provocat
1650 2495 1803 2555 universae

103 2576 196 2640 stram
221 2596 361 2653 rogamus
375 2583 404 2636 et
418 2584 588 2635 exortamur
612 2579 764 2649 attentius,
781 2595 833 2651 per
857 2595 926 2651 apo·
982 2584 1084 2636 contra
1108 2579 1285 2636 universalis
1311 2580 1444 2638 Ecclesia
1468 2582 1645 2652 libertatem,
1662 2589 1695 2641 ut
1709 2585 1807 2643 dicere

102 2668 209 2729 s‘tolioa
231 2669 342 2742 scripta
365 2666 498 2723 districte
523 2666 718 2739 precipiendo
741 2667 927 2732 mandantes,
982 2669 1305 2743 valsetcumpropbeta
1319 2672 1420 2729 :Filios
1433 2675 1557 2730 maseva·
1570 2679 1596 2731 et
1612 2673 1807 2748 canduetipst

103 2765 265 2836 quatenus,
280 2760 305 2815 si
321 2759 441 2816 lucerna
455 2758 571 2814 Domini
589 2756 769 2830 spiraculum
786 2757 928 2828 bominis,
983 2763 1075 2815 eutem
1088 2767 1305 2832 spreverantme
1319 2761 1381 2830 (lia.
1396 2759 1433 2832 r);
1457 2777 1473 2817 a
1488 2762 1573 2833 eujus
1597 2764 1698 2836 utiquc
1713 2763 1806 2836 eulpae

104 2866 164 2926 qus
175 2849 336 2924 investigat
346 2853 458 2906 secreta
468 2847 590 2915 ventris,
601 2846 638 2903 ad
650 2845 820 2920 diligentem
833 2847 928 2905 moni·
984 2847 1106 2920 flagitio,
1122 2847 1164 2903 sic
1175 2864 1227 2904 nac
1241 2847 1363 2919 publice
1376 2848 1540 2907 honestatis
1549 2851 1679 2922 justitia,
1696 2868 1749 2910 noc
1760 2869 1805 2910 ee·

104 2943 217 3000 tionem
244 2943 397 2997 memorati
413 2937 501 3012 legati
517 2937 605 2993 eorda
620 2936 840 2993 contumacium
854 2953 928 3010 pra·
984 2936 1154 2994 elasiastioa
1174 2934 1337 3008 disciplina
1354 2938 1507 3007 severitas,
1520 2940 1650 2997 nsofldei
1661 2939 1803 2999 Cbristia·

106 3033 253 3091 dictorum
269 3046 325 3086 non
338 3029 508 3101 dignabitur
523 3026 684 3097 illustrare,
700 3025 750 3081 sed
769 3025 863 3098 potius
879 3043 929 3084 eos
987 3043 1029 3081 na
1043 3025 1212 3099 religio,nao
1232 3026 1356 3084 formido
1367 3028 1625 3100 tremauoijuoioii
1639 3047 1691 3087 voe
1708 3029 1804 3103 potuit

107 3120 241 3177 indurari
267 3117 444 3192 permiserit,
469 3120 610 3187 tanquam
639 3131 692 3187 pro
727 3115 931 3188 magnitudine
988 3115 1805 3190 bactenusravocare.Utinamexemplumgentilisman·

106 3209 201 3282 eulpa
215 3208 314 3264 divino
325 3205 440 3280 judicio
452 3205 635 3278 reprobatos,
653 3204 694 3260 ita
704 3204 888 3260 concorditer
902 3209 932 3262 et
987 3205 1214 3262 suetudinisvos
1224 3204 1386 3274 induceret,
1398 3222 1434 3263 ne
1450 3205 1812 3280 seueriorempersecutio-

106 3299 269 3372 prudenter
282 3297 317 3353 ad
333 3295 553 3368 exsequendum
571 3291 774 3366 praecriptum
786 3298 932 3351 statutum
988 3310 1082 3351 nema
1093 3294 1188 3361 vobis,
1205 3310 1294 3367 quam
1313 3311 1401 3367 passa
1412 3294 1659 3353 lueritalamosa
1682 3296 1811 3355 erudeli·

111 3389 206 3446 eidem
232 3386 326 3460 legato
342 3385 482 3442 assistere
507 3385 680 3458 procuretis,
702 3381 778 3454 quod
794 3382 932 3441 ecclesia·
988 3385 1056 3442 tatis
1068 3390 1203 3458 tyranno,
1213 3383 1342 3441 Ecclesia
1365 3389 1467 3441 nostro
1480 3390 1614 3458 tempore
1628 3386 1809 3443 suatineroti

107 3475 367 3549 stioadisciplinre
396 3474 535 3531 severitas
565 3471 675 3528 nullius
704 3473 934 3545 presumptione
988 3475 1153 3532 Cumanim
1173 3474 1359 3543 Pharnacen
1381 3474 1509 3546 AEgppti,
1530 3473 1650 3532 Ceteris
1675 3475 1811 3532 servituti

109 3566 208 3626 valeat
221 3565 362 3635 enervari;
373 3564 454 3636 certi,
467 3565 557 3637 quod,
569 3563 593 3618 si
606 3563 672 3634 quis
686 3565 819 3617 vestrum
835 3562 864 3618 in
879 3563 934 3620 hoo
989 3565 1119 3621 subactis
1134 3563 1300 3619 sacerdotes
1327 3579 1395 3619 suos
1424 3569 1451 3620 et
1478 3564 1683 3636 possessiones
1697 3581 1811 3628 eorum.

109 3657 250 3715 existerat
264 3654 427 3728 negligens,
453 3661 501 3708 aut
527 3651 680 3716 remissus,
696 3667 754 3707 non
771 3650 856 3708 aliter
872 3669 934 3709 mo·
989 3670 1047 3710 non
1059 3652 1155 3710 solum
1167 3652 1195 3709 iu
1208 3651 1331 3724 pristina
1343 3650 1477 3709 libertate
1487 3654 1709 3720 servaverit,sed
1721 3651 1811 3713 etiam

106 3745 189 3803 leste
204 3746 358 3815 ferremus,
375 3742 501 3816 quamsi
518 3759 596 3799 unus
610 3758 643 3797 aa
654 3739 712 3796 illis
727 3746 815 3811 esset,
832 3748 934 3801 contra
987 3742 1154 3800 alimoniam
1166 3741 1209 3797 eis
1219 3741 1379 3813 depublieo
1391 3742 1579 3811 ministrarit,
1588 3749 1617 3799 at
1625 3760 1675 3800 res
1686 3743 1813 3800 Persides

107 3850 234 3909 quorum
247 3834 407 3907 nequitiam
423 3834 608 3889 severitatem
623 3830 795 3901 hujusmodi
805 3832 933 3889 decrevi·
988 3837 1158 3890 Artaxerxes
1169 3829 1316 3887 universis
1326 3831 1529 3888 sacerdotibus
1544 3835 1573 3887 et
1588 3831 1696 3900 levitis,
1712 3849 1746 3889 ac
1757 3833 1813 3888 do-

108 3925 389 3982 musexeroendam.
408 3923 438 3978 Si
453 3938 531 3991 varo,
548 3920 694 3993 predictis
709 3921 832 3990 civibus,
855 3922 933 3994 quod
988 3939 1053 3979 mus
1082 3922 1130 3978 Dei
1154 3919 1296 3977 ministris
1314 3920 1439 3976 vetuerit
1453 3919 1587 3995 vectigal,
1612 3921 1759 3977 tributum
1784 3925 1815 3978 et

105 4017 218 4070 avertet
232 4012 387 4082 Dominus,
410 4011 575 4079 obduratis,
593 4011 621 4064 in
646 4010 810 4083 praescripti
830 4012 933 4068 statuti
987 4027 1133 4069 annonam
1162 4008 1286 4082 imponi,
1308 4025 1359 4066 vos
1384 4008 1503 4080 quidem
1534 4013 1663 4066 metuere
1695 4013 1813 4083 pmpter

106 4101 199 4159 fuerit
213 4101 400 4159 exsecutione
414 4115 594 4174 processum,
611 4099 748 4157 volumus
764 4104 793 4157 et
809 4102 932 4158 manda·
986 4100 1091 4166 Deum,
1101 4098 1257 4155 volsellam
1268 4100 1387 4169 propter
1397 4097 1531 4154 bomines
1543 4098 1715 4154 erubescere
1725 4098 1811 4155 deba·

108 4208 189 4256 mus,
220 4196 253 4249 ut
279 4190 713 4248 venerabilislratornoster...
745 4190 932 4248 Placentinus
986 4188 1097 4245 retisin
1109 4186 1159 4244 Dei
1181 4185 1307 4242 famulos
1326 4185 1539 4243 immanitatem
1554 4185 1812 4260 illiustyrannidis

104 4281 264 4356 episeopus
275 4280 361 4354 (730),
381 4280 416 4336 ad
429 4283 560 4336 nostram
577 4281 765 4352 praeentiam
777 4281 932 4338 transmit·
986 4295 1128 4347 exercere,
1142 4294 1228 4350 quam
1257 4292 1315 4332 non
1337 4279 1532 4332 exercuerunt
1545 4274 1576 4330 in
1592 4275 1673 4347 ipsos
1693 4275 1747 4345 illi,
1762 4276 1813 4346 qui

103 4368 931 4444 tatus-,provisionisapostolicagratiam,daolel)omino
987 4366 1279 4425 nondumbabebant
1304 4364 1439 4421 notitiam
1467 4363 1610 4420 veritatis.
1641 4365 1715 4420 ileu!
1743 4364 1811 4437 quis

105 4465 292 4534 recepturus.
322 4459 362 4516 De
390 4458 565 4515 clericorum
590 4475 657 4516 vero
682 4459 849 4532 provisione
865 4476 933 4517 cum
949 4453 972 4521 l)
987 4475 1038 4514 vos
1052 4474 1069 4513 o
1084 4456 1172 4522 cives,
1192 4459 1252 4511 tam
1269 4451 1475 4510 miserabiliter
1484 4450 1650 4521 fascinavit,
1664 4457 1706 4524 ut,
1719 4452 1811 4510 ancil·

104 4551 209 4607 eodem
222 4548 316 4623 legato
332 4547 429 4606 taliter
442 4547 618 4620 disponatis,
637 4553 679 4618 ut,
695 4549 770 4606 siout
790 4549 930 4607 adversus
986 4548 1042 4604 lata
1058 4551 1162 4612 matre,
1185 4560 1285 4601 servos
1301 4542 1441 4609 ellleeret,
1454 4544 1482 4598 ot
1493 4541 1692 4612 perversitatis
1707 4558 1811 4600 exam-

104 4655 170 4710 eos,
185 4639 236 4712 qui
262 4655 293 4695 se
319 4639 574 4712 angustiaverunt,
590 4637 619 4694 in
646 4640 810 4695 constantis
827 4656 931 4712 magna
986 4638 1067 4712 plum
1082 4634 1194 4693 caeteris
1206 4632 1366 4701 exhiberet,
1379 4629 1698 4704 aoapostolicagrstiae
1710 4633 1812 4690 rodde-

104 4733 226 4796 stetore,
241 4728 281 4783 ita
296 4728 476 4784 sufficienter
491 4731 520 4783 et
535 4727 657 4784 honeste
671 4728 860 4800 provideatur
874 4730 931 4787 eis·
987 4732 1030 4784 ret
1040 4743 1146 4801 prosus
1157 4725 1298 4796 ingratos,
1321 4737 1387 4794 quse
1410 4720 1557 4777 civitatem
1568 4725 1696 4778 vostram
1709 4738 1726 4778 a
1737 4723 1810 4796 jugo

103 4820 187 4889 dem,
203 4817 265 4891 qui,
281 4817 335 4875 etsi
352 4834 449 4874 coram
472 4817 643 4874 horninibus
659 4818 846 4875 incommoda
862 4822 932 4876 aunt
986 4815 1165 4874 Ravennatis
1187 4813 1321 4870 Ecclesia
1342 4808 1469 4884 graluito
1493 4806 1639 4878 liberavit,
1667 4811 1812 4885 adoptans

101 4908 251 4983 perpessi,
272 4924 339 4981 spes
365 4911 462 4963 tamon
486 4924 588 4964 eorum
604 4923 669 4964 essa
685 4907 769 4964 debet
785 4908 862 4981 apud
878 4908 931 4965 lio·
985 4907 1065 4964 illam
1083 4906 1111 4961 in
1127 4903 1218 4960 liliam
1235 4899 1406 4975 specialem?
1418 4898 1511 4966 Certe,
1524 4898 1548 4953 si
1565 4900 1693 4971 possetis
1706 4900 1811 4972 hujus·

100 4995 228 5055 alesiam
243 4996 431 5069 immortalis,
444 5013 496 5070 pro
512 4997 599 5069 eujus
613 4996 784 5054 defensione
800 4998 888 5055 lortes
903 5002 932 5055 et
987 4996 1066 5055 modi
1085 4993 1199 5053 lacinus
1214 4991 1334 5064 impune
1348 4989 1498 5062 perlicere,
1515 5001 1575 5043 uon
1586 4986 1738 5074 ¹deberetis
1750 4992 1811 5047 mm

100 5084 273 5143 immobiles
296 5086 497 5158 perstiterunt.
985 5101 1155 5161 perversum
1167 5080 1335 5154 exemplum
1344 5078 1412 5135 aliis
1423 5075 1575 5144 exhibere,
1587 5076 1742 5149 quoniam,
1757 5077 1815 5137 etsi

140 5178 248 5233 natum
265 5174 409 5242 Latet-am,
424 5192 464 5232 vn
479 5175 549 5234 Idus
564 5173 710 5245 Octobris,
727 5192 804 5234 anno
819 5192 908 5235 nono.
984 5191 1071 5251 grave
1086 5174 1125 5232 sit
1139 5171 1264 5241 lacinus,
1285 5168 1403 5243 gravius
1422 5171 1469 5225 est
1491 5162 1674 5239 exemplum.
1688 5166 1772 5232 Quod
1787 5167 1813 5226 si

139 5357 218 5428 (730)
233 5357 300 5414 llido
314 5355 471 5430 epistolam
486 5355 552 5411 libri
569 5354 664 5427 quinti
680 5356 726 5422 75,
744 5360 805 5413 not.
944 5348 948 5355 ’
984 5347 1057 5417 Vide
1073 5356 1161 5414 etiam
1177 5357 1261 5412 notas
1275 5350 1342 5408 ade
1365 5345 1482 5407 istolam
1497 5345 1694 5417 superiorem.

138 5429 216 5501 (731)
231 5428 303 5487 vide
316 5427 472 5503 epistolam
488 5426 557 5483 libri
572 5427 664 5485 octavi
682 5428 743 5498 173,
759 5435 819 5486 not.
1020 5426 1180 5503 Episloiam
1196 5426 1270 5483 bano
1291 5366 1391 5480 laudat
1412 5415 1544 5542 angelus
1573 5417 1738 5491 Maurique,
1755 5423 1812 5474 An-

138 5501 204 5571 (732
230 5499 303 5559 Vide
318 5500 473 5572 epistolam
489 5498 557 5555 libri
572 5499 666 5557 octavi
680 5500 745 5571 200,
761 5507 822 5559 not.
984 5503 1043 5561 sol.
1068 5499 1180 5570 calere,
1203 5502 1275 5556 tom.
1301 5495 1350 5565 lll,
1371 5504 1439 5565 pag.
1482 5488 1530 5555 67,
1551 5488 1587 5546 ad
1601 5506 1714 5549 annum
1730 5490 1812 5559 1300,

138 5573 204 5646 (733
231 5571 304 5632 Vide
332 5572 527 5648 Rayualdum,
553 5572 588 5631 ad
618 5588 731 5632 annum
755 5574 835 5648 leot,
851 5575 955 5648 538„
985 5591 1049 5648 esp.
1067 5571 1165 5647 ⁴25⁸?
1696 5614 1697 5618 ,
