<?xml version="1.0" encoding="UTF-8"?>
<!DOCTYPE html PUBLIC "-//W3C//DTD XHTML 1.0 Transitional//EN"
    "http://www.w3.org/TR/xhtml1/DTD/xhtml1-transitional.dtd">
<html xmlns="http://www.w3.org/1999/xhtml" xml:lang="en" lang="en">
 <head>
  <title>
</title>
<meta http-equiv="Content-Type" content="text/html;charset=utf-8" />
  <meta name='ocr-system' content='tesseract 3.04.00' />
  <meta name='ocr-capabilities' content='ocr_page ocr_carea ocr_par ocr_line ocrx_word'/>
</head>
<body>
  <div class='ocr_page' id='page_1' title='image "./patrologiaecurs41unkngoog_0064.png"; bbox 0 0 3780 6000; ppageno 0'>
   <div class='ocr_carea' id='block_1_1' title="bbox 101 202 1811 282">
    <p class='ocr_par' dir='ltr' id='par_1_1' title="bbox 101 202 1811 282">
     <span class='ocr_line' id='line_1_1' title="bbox 101 202 1811 282; baseline 0.001 -19"><span class='ocrx_word' id='word_1_1' title='bbox 101 207 153 264; x_wconf 79' lang='lat' dir='ltr'><strong><em>itt</em></strong></span> <span class='ocrx_word' id='word_1_2' title='bbox 443 256 447 262; x_wconf 91' lang='lat'>.</span> <span class='ocrx_word' id='word_1_3' title='bbox 600 203 862 282; x_wconf 66' lang='lat' dir='ltr'><strong><em>manuleatus</em></strong></span> <span class='ocrx_word' id='word_1_4' title='bbox 879 204 981 261; x_wconf 78' lang='grc' dir='ltr'><strong>ΔΝΝΟ</strong></span> <span class='ocrx_word' id='word_1_5' title='bbox 999 205 1047 269; x_wconf 87' lang='lat' dir='ltr'><strong><em>vl,</em></strong></span> <span class='ocrx_word' id='word_1_6' title='bbox 1065 205 1209 263; x_wconf 76' lang='lat' dir='ltr'><strong>CHRISTI</strong></span> <span class='ocrx_word' id='word_1_7' title='bbox 1229 202 1309 263; x_wconf 77' lang='lat'><strong>¹203.</strong></span> <span class='ocrx_word' id='word_1_8' title='bbox 1757 208 1811 267; x_wconf 76' lang='lat'><strong><em>¹18</em></strong></span> 
     </span>
    </p>
   </div>
   <div class='ocr_carea' id='block_1_2' title="bbox 81 327 1839 5352">
    <p class='ocr_par' dir='ltr' id='par_1_2' title="bbox 81 327 1839 5352">
     <span class='ocr_line' id='line_1_2' title="bbox 95 327 1807 405; baseline 0.002 -14"><span class='ocrx_word' id='word_1_9' title='bbox 95 332 211 404; x_wconf 81' lang='lat' dir='ltr'><strong><em>Crucis,</em></strong></span> <span class='ocrx_word' id='word_1_10' title='bbox 227 331 323 390; x_wconf 89' lang='lat' dir='ltr'><strong><em>iuerat</em></strong></span> <span class='ocrx_word' id='word_1_11' title='bbox 337 329 424 389; x_wconf 88' lang='lat' dir='ltr'><strong><em>testis</em></strong></span> <span class='ocrx_word' id='word_1_12' title='bbox 437 329 589 400; x_wconf 89' lang='lat' dir='ltr'><strong><em>inductus,</em></strong></span> <span class='ocrx_word' id='word_1_13' title='bbox 602 331 633 385; x_wconf 88' lang='lat' dir='ltr'><strong><em>et</em></strong></span> <span class='ocrx_word' id='word_1_14' title='bbox 645 327 770 386; x_wconf 85' lang='lat' dir='ltr'><strong><em>ldichacl</em></strong></span> <span class='ocrx_word' id='word_1_15' title='bbox 785 328 873 396; x_wconf 86' lang='lat' dir='ltr'><strong><em>Petri,</em></strong></span> <span class='ocrx_word' id='word_1_16' title='bbox 898 331 928 385; x_wconf 90' lang='lat' dir='ltr'><strong><em>et</em></strong></span> <span class='ocrx_word' id='word_1_17' title='bbox 941 330 967 398; x_wconf 74' lang='grc' dir='ltr'>Α</span> <span class='ocrx_word' id='word_1_18' title='bbox 983 329 1197 387; x_wconf 87' lang='lat' dir='ltr'><strong><em>monasterium</em></strong></span> <span class='ocrx_word' id='word_1_19' title='bbox 1208 335 1313 404; x_wconf 85' lang='lat' dir='ltr'><strong><em>prater</em></strong></span> <span class='ocrx_word' id='word_1_20' title='bbox 1323 329 1453 405; x_wconf 86' lang='lat' dir='ltr'><strong><em>episcopi</em></strong></span> <span class='ocrx_word' id='word_1_21' title='bbox 1469 329 1693 391; x_wconf 82' lang='lat' dir='ltr'><strong><em>Colimbriensis</em></strong></span> <span class='ocrx_word' id='word_1_22' title='bbox 1703 349 1807 394; x_wconf 75' lang='lat' dir='ltr'><strong><em>usau-</em></strong></span> 
     </span>
     <span class='ocr_line' id='line_1_3' title="bbox 97 418 1805 496; baseline 0 -15"><span class='ocrx_word' id='word_1_23' title='bbox 97 425 154 491; x_wconf 86' lang='lat' dir='ltr'><strong><em>alii,</em></strong></span> <span class='ocrx_word' id='word_1_24' title='bbox 172 439 252 496; x_wconf 89' lang='lat' dir='ltr'><strong><em>quus</em></strong></span> <span class='ocrx_word' id='word_1_25' title='bbox 266 426 299 478; x_wconf 92' lang='lat' dir='ltr'><strong><em>tu</em></strong></span> <span class='ocrx_word' id='word_1_26' title='bbox 313 421 483 492; x_wconf 76' lang='lat' dir='ltr'>induxeras,</span> <span class='ocrx_word' id='word_1_27' title='bbox 494 418 767 492; x_wconf 79' lang='lat' dir='ltr'><strong><em>deposuerojmmi,</em></strong></span> <span class='ocrx_word' id='word_1_28' title='bbox 779 419 857 491; x_wconf 88' lang='lat' dir='ltr'><strong><em>quud</em></strong></span> <span class='ocrx_word' id='word_1_29' title='bbox 870 436 924 477; x_wconf 87' lang='lat' dir='ltr'><strong><em>uus</em></strong></span> <span class='ocrx_word' id='word_1_30' title='bbox 977 434 1044 474; x_wconf 89' lang='lat' dir='ltr'><strong><em>sum</em></strong></span> <span class='ocrx_word' id='word_1_31' title='bbox 1060 424 1212 491; x_wconf 74' lang='lat' dir='ltr'><strong><em>receperat,</em></strong></span> <span class='ocrx_word' id='word_1_32' title='bbox 1227 425 1253 476; x_wconf 91' lang='lat' dir='ltr'><strong><em>et</em></strong></span> <span class='ocrx_word' id='word_1_33' title='bbox 1266 437 1336 493; x_wconf 86' lang='lat' dir='ltr'><strong><em>quos</em></strong></span> <span class='ocrx_word' id='word_1_34' title='bbox 1352 422 1383 477; x_wconf 89' lang='lat' dir='ltr'><strong><em>ia</em></strong></span> <span class='ocrx_word' id='word_1_35' title='bbox 1397 422 1511 477; x_wconf 84' lang='lat' dir='ltr'><strong><em>Latreu.</em></strong></span> <span class='ocrx_word' id='word_1_36' title='bbox 1528 421 1651 478; x_wconf 82' lang='lat' dir='ltr'><strong><em>astutiis</em></strong></span> <span class='ocrx_word' id='word_1_37' title='bbox 1676 422 1745 479; x_wconf 89' lang='lat' dir='ltr'><strong><em>tucis</em></strong></span> <span class='ocrx_word' id='word_1_38' title='bbox 1774 427 1805 481; x_wconf 88' lang='lat' dir='ltr'><strong><em>in</em></strong></span> 
     </span>
     <span class='ocr_line' id='line_1_4' title="bbox 93 508 1804 584; baseline 0.001 -13"><span class='ocrx_word' id='word_1_39' title='bbox 93 528 213 571; x_wconf 82' lang='lat' dir='ltr'><strong><em>canuam</em></strong></span> <span class='ocrx_word' id='word_1_40' title='bbox 230 513 320 584; x_wconf 81' lang='lat' dir='ltr'><strong><em>hujus</em></strong></span> <span class='ocrx_word' id='word_1_41' title='bbox 335 511 444 584; x_wconf 83' lang='lat' dir='ltr'><strong><em>negotii</em></strong></span> <span class='ocrx_word' id='word_1_42' title='bbox 461 509 613 568; x_wconf 86' lang='lat' dir='ltr'><strong><em>raritatem</em></strong></span> <span class='ocrx_word' id='word_1_43' title='bbox 629 509 793 567; x_wconf 77' lang='lat' dir='ltr'><strong><em>feceramus</em></strong></span> <span class='ocrx_word' id='word_1_44' title='bbox 803 508 923 582; x_wconf 86' lang='lat' dir='ltr'><strong><em>perpri-</em></strong></span> <span class='ocrx_word' id='word_1_45' title='bbox 975 508 1416 583; x_wconf 84' lang='lat' dir='ltr'><strong><em>attestationibuscomprehensis,</em></strong></span> <span class='ocrx_word' id='word_1_46' title='bbox 1429 509 1729 583; x_wconf 87' lang='lat' dir='ltr'><strong><em>propriaaunturitate</em></strong></span> <span class='ocrx_word' id='word_1_47' title='bbox 1740 512 1804 573; x_wconf 89' lang='lat' dir='ltr'><strong><em>iun·</em></strong></span> 
     </span>
     <span class='ocr_line' id='line_1_5' title="bbox 94 598 1803 676; baseline 0 -15"><span class='ocrx_word' id='word_1_48' title='bbox 94 619 155 661; x_wconf 91' lang='lat' dir='ltr'><strong><em>runs</em></strong></span> <span class='ocrx_word' id='word_1_49' title='bbox 167 603 289 675; x_wconf 75' lang='lat' dir='ltr'><strong><em>iudices</em></strong></span> <span class='ocrx_word' id='word_1_50' title='bbox 302 600 451 676; x_wconf 76' lang='lat' dir='ltr'><strong><em>delegatus</em></strong></span> <span class='ocrx_word' id='word_1_51' title='bbox 465 599 587 672; x_wconf 79' lang='lat' dir='ltr'><strong><em>inquiri,</em></strong></span> <span class='ocrx_word' id='word_1_52' title='bbox 602 603 633 657; x_wconf 87' lang='lat' dir='ltr'><strong><em>st</em></strong></span> <span class='ocrx_word' id='word_1_53' title='bbox 646 598 682 658; x_wconf 91' lang='lat' dir='ltr'><strong><em>ad</em></strong></span> <span class='ocrx_word' id='word_1_54' title='bbox 702 615 757 656; x_wconf 92' lang='lat' dir='ltr'><strong><em>uns</em></strong></span> <span class='ocrx_word' id='word_1_55' title='bbox 788 599 923 656; x_wconf 85' lang='lat' dir='ltr'><strong><em>universa</em></strong></span> <span class='ocrx_word' id='word_1_56' title='bbox 976 599 1070 666; x_wconf 87' lang='lat' dir='ltr'><strong><em>darni,</em></strong></span> <span class='ocrx_word' id='word_1_57' title='bbox 1086 598 1190 656; x_wconf 87' lang='lat' dir='ltr'><strong><em>sciticct</em></strong></span> <span class='ocrx_word' id='word_1_58' title='bbox 1204 601 1337 672; x_wconf 81' lang='lat' dir='ltr'><strong><em>cupellam</em></strong></span> <span class='ocrx_word' id='word_1_59' title='bbox 1352 600 1450 657; x_wconf 84' lang='lat' dir='ltr'><strong><em>Sancti</em></strong></span> <span class='ocrx_word' id='word_1_60' title='bbox 1470 600 1586 658; x_wconf 81' lang='lat' dir='ltr'><strong><em>loannis</em></strong></span> <span class='ocrx_word' id='word_1_61' title='bbox 1614 602 1644 657; x_wconf 90' lang='lat' dir='ltr'><strong><em>iu</em></strong></span> <span class='ocrx_word' id='word_1_62' title='bbox 1668 601 1803 662; x_wconf 81' lang='lat' dir='ltr'><strong><em>suburbio</em></strong></span> 
     </span>
     <span class='ocr_line' id='line_1_6' title="bbox 91 688 1803 766; baseline -0.001 -14"><span class='ocrx_word' id='word_1_63' title='bbox 91 688 922 766; x_wconf 80' lang='lat' dir='ltr'><strong><em>reterri,sinquaprnuuutiavararuus‚omnihusdiligcu·</em></strong></span> <span class='ocrx_word' id='word_1_64' title='bbox 976 688 1170 747; x_wconf 82' lang='lat' dir='ltr'><strong><em>Cotimtrisusi</em></strong></span> <span class='ocrx_word' id='word_1_65' title='bbox 1181 696 1374 759; x_wconf 70' lang='lat' dir='ltr'><strong><em>constructam,</em></strong></span> <span class='ocrx_word' id='word_1_66' title='bbox 1389 691 1577 748; x_wconf 84' lang='lat' dir='ltr'><strong><em>ecetesicmde</em></strong></span> <span class='ocrx_word' id='word_1_67' title='bbox 1601 693 1746 763; x_wconf 82' lang='lat' dir='ltr'><strong><em>Taaueiro,</em></strong></span> <span class='ocrx_word' id='word_1_68' title='bbox 1769 693 1803 751; x_wconf 86' lang='lat' dir='ltr'><strong><em>de</em></strong></span> 
     </span>
     <span class='ocr_line' id='line_1_7' title="bbox 92 779 1800 857; baseline 0 -17"><span class='ocrx_word' id='word_1_69' title='bbox 92 794 133 841; x_wconf 86' lang='lat' dir='ltr'><strong><em>ter</em></strong></span> <span class='ocrx_word' id='word_1_70' title='bbox 149 782 308 857; x_wconf 87' lang='lat' dir='ltr'><strong><em>inspectis,</em></strong></span> <span class='ocrx_word' id='word_1_71' title='bbox 324 798 382 839; x_wconf 92' lang='lat' dir='ltr'><strong><em>uun</em></strong></span> <span class='ocrx_word' id='word_1_72' title='bbox 397 779 535 853; x_wconf 89' lang='lat' dir='ltr'><strong><em>impediri</em></strong></span> <span class='ocrx_word' id='word_1_73' title='bbox 551 784 636 837; x_wconf 89' lang='lat' dir='ltr'><strong><em>tuum</em></strong></span> <span class='ocrx_word' id='word_1_74' title='bbox 660 779 845 852; x_wconf 86' lang='lat' dir='ltr'><strong><em>propositum</em></strong></span> <span class='ocrx_word' id='word_1_75' title='bbox 871 793 922 851; x_wconf 88' lang='lat' dir='ltr'><strong><em>per</em></strong></span> <span class='ocrx_word' id='word_1_76' title='bbox 974 781 1119 850; x_wconf 78' lang='lat' dir='ltr'><strong><em>tauriaci,</em></strong></span> <span class='ocrx_word' id='word_1_77' title='bbox 1132 782 1168 837; x_wconf 85' lang='lat' dir='ltr'><strong><em>ds</em></strong></span> <span class='ocrx_word' id='word_1_78' title='bbox 1181 781 1263 852; x_wconf 80' lang='lat' dir='ltr'><strong><em>itinn,</em></strong></span> <span class='ocrx_word' id='word_1_79' title='bbox 1278 783 1312 839; x_wconf 89' lang='lat' dir='ltr'><strong><em>de</em></strong></span> <span class='ocrx_word' id='word_1_80' title='bbox 1326 782 1450 850; x_wconf 83' lang='lat' dir='ltr'><strong><em>Sorcnes,</em></strong></span> <span class='ocrx_word' id='word_1_81' title='bbox 1466 781 1565 838; x_wconf 76' lang='lat' dir='ltr'><strong><em>Sason</em></strong></span> <span class='ocrx_word' id='word_1_82' title='bbox 1578 782 1716 848; x_wconf 84' lang='lat' dir='ltr'><strong><em>Facundi,</em></strong></span> <span class='ocrx_word' id='word_1_83' title='bbox 1741 786 1800 841; x_wconf 85' lang='lat' dir='ltr'><strong><em>Hs·</em></strong></span> 
     </span>
     <span class='ocr_line' id='line_1_8' title="bbox 90 868 1800 945; baseline 0.001 -16"><span class='ocrx_word' id='word_1_84' title='bbox 90 873 218 945; x_wconf 84' lang='lat' dir='ltr'><strong><em>objecta.</em></strong></span> <span class='ocrx_word' id='word_1_85' title='bbox 235 872 318 930; x_wconf 88' lang='lat' dir='ltr'><strong><em>idam</em></strong></span> <span class='ocrx_word' id='word_1_86' title='bbox 334 870 608 944; x_wconf 82' lang='lat' dir='ltr'><strong><em>quoqunloanuea,</em></strong></span> <span class='ocrx_word' id='word_1_87' title='bbox 624 873 654 926; x_wconf 90' lang='lat' dir='ltr'><strong><em>at</em></strong></span> <span class='ocrx_word' id='word_1_88' title='bbox 679 868 803 927; x_wconf 84' lang='lat' dir='ltr'><strong><em>uichccl</em></strong></span> <span class='ocrx_word' id='word_1_89' title='bbox 830 869 919 940; x_wconf 79' lang='lat' dir='ltr'><strong><em>Petri,</em></strong></span> <span class='ocrx_word' id='word_1_90' title='bbox 974 871 1215 929; x_wconf 66' lang='lat' dir='ltr'><strong><em>renairtnmSoucti</em></strong></span> <span class='ocrx_word' id='word_1_91' title='bbox 1244 871 1362 929; x_wconf 78' lang='lat' dir='ltr'><strong><em>curtim·</em></strong></span> <span class='ocrx_word' id='word_1_92' title='bbox 1388 872 1421 928; x_wconf 86' lang='lat' dir='ltr'><strong><em>de</em></strong></span> <span class='ocrx_word' id='word_1_93' title='bbox 1449 872 1572 945; x_wconf 76' lang='lat' dir='ltr'><strong><em>Aponio,</em></strong></span> <span class='ocrx_word' id='word_1_94' title='bbox 1600 873 1745 929; x_wconf 87' lang='lat' dir='ltr'><strong><em>ecclcsiam</em></strong></span> <span class='ocrx_word' id='word_1_95' title='bbox 1767 872 1800 931; x_wconf 81' lang='lat' dir='ltr'><strong><em>de</em></strong></span> 
     </span>
     <span class='ocr_line' id='line_1_9' title="bbox 90 959 1799 1035; baseline 0.001 -16"><span class='ocrx_word' id='word_1_96' title='bbox 90 969 195 1020; x_wconf 89' lang='lat' dir='ltr'><strong><em>utrum</em></strong></span> <span class='ocrx_word' id='word_1_97' title='bbox 211 961 461 1020; x_wconf 84' lang='lat' dir='ltr'><strong><em>renuntiationem</em></strong></span> <span class='ocrx_word' id='word_1_98' title='bbox 474 960 577 1018; x_wconf 85' lang='lat' dir='ltr'><strong><em>decani</em></strong></span> <span class='ocrx_word' id='word_1_99' title='bbox 595 964 690 1017; x_wconf 89' lang='lat' dir='ltr'><strong><em>ratum</em></strong></span> <span class='ocrx_word' id='word_1_100' title='bbox 711 959 850 1016; x_wconf 88' lang='lat' dir='ltr'><strong><em>habueris</em></strong></span> <span class='ocrx_word' id='word_1_101' title='bbox 875 974 920 1016; x_wconf 92' lang='lat' dir='ltr'><strong><em>rs·</em></strong></span> <span class='ocrx_word' id='word_1_102' title='bbox 974 960 1145 1029; x_wconf 58' lang='lat' dir='ltr'><strong><em>florimanis</em></strong></span> <span class='ocrx_word' id='word_1_103' title='bbox 1172 961 1343 1031; x_wconf 74' lang='lat' dir='ltr'><strong><em>travancha,</em></strong></span> <span class='ocrx_word' id='word_1_104' title='bbox 1374 962 1483 1020; x_wconf 69' lang='lat' dir='ltr'><strong><em>marein</em></strong></span> <span class='ocrx_word' id='word_1_105' title='bbox 1510 963 1625 1019; x_wconf 77' lang='lat' dir='ltr'><strong><em>itariram</em></strong></span> <span class='ocrx_word' id='word_1_106' title='bbox 1652 962 1684 1018; x_wconf 90' lang='lat' dir='ltr'><strong><em>iu</em></strong></span> <span class='ocrx_word' id='word_1_107' title='bbox 1711 962 1799 1035; x_wconf 83' lang='lat' dir='ltr'><strong><em>Seno,</em></strong></span> 
     </span>
     <span class='ocr_line' id='line_1_10' title="bbox 86 1049 1801 1126; baseline -0.001 -15"><span class='ocrx_word' id='word_1_108' title='bbox 86 1051 644 1126; x_wconf 86' lang='lat' dir='ltr'><strong><em>quisiti,dixeruntsndehucpauitus</em></strong></span> <span class='ocrx_word' id='word_1_109' title='bbox 668 1049 918 1107; x_wconf 87' lang='lat' dir='ltr'><strong><em>nihilsaire:snd</em></strong></span> <span class='ocrx_word' id='word_1_110' title='bbox 973 1052 1068 1108; x_wconf 79' lang='lat' dir='ltr'><strong><em>Summi</em></strong></span> <span class='ocrx_word' id='word_1_111' title='bbox 1082 1055 1198 1110; x_wconf 88' lang='lat' dir='ltr'><strong><em>itomaai</em></strong></span> <span class='ocrx_word' id='word_1_112' title='bbox 1212 1069 1275 1109; x_wconf 87' lang='lat' dir='ltr'><strong><em>cum</em></strong></span> <span class='ocrx_word' id='word_1_113' title='bbox 1298 1058 1414 1126; x_wconf 85' lang='lat' dir='ltr'><strong><em>utroquo</em></strong></span> <span class='ocrx_word' id='word_1_114' title='bbox 1432 1055 1507 1126; x_wconf 83' lang='lat' dir='ltr'><strong><em>jura,</em></strong></span> <span class='ocrx_word' id='word_1_115' title='bbox 1537 1053 1677 1109; x_wconf 69' lang='lat' dir='ltr'><strong><em>corronium</em></strong></span> <span class='ocrx_word' id='word_1_116' title='bbox 1704 1053 1801 1110; x_wconf 77' lang='lat' dir='ltr'><strong><em>Sancti</em></strong></span> 
     </span>
     <span class='ocr_line' id='line_1_11' title="bbox 89 1138 1800 1214; baseline 0 -14"><span class='ocrx_word' id='word_1_117' title='bbox 89 1146 196 1201; x_wconf 82' lang='lat' dir='ltr'><strong><em>scutra</em></strong></span> <span class='ocrx_word' id='word_1_118' title='bbox 212 1143 268 1199; x_wconf 93' lang='lat' dir='ltr'><strong><em>hoa</em></strong></span> <span class='ocrx_word' id='word_1_119' title='bbox 284 1142 339 1199; x_wconf 88' lang='lat' dir='ltr'><strong><em>tuit</em></strong></span> <span class='ocrx_word' id='word_1_120' title='bbox 351 1157 388 1199; x_wconf 83' lang='lat' dir='ltr'><strong><em>ex</em></strong></span> <span class='ocrx_word' id='word_1_121' title='bbox 403 1145 484 1214; x_wconf 87' lang='lat' dir='ltr'><strong><em>parta</em></strong></span> <span class='ocrx_word' id='word_1_122' title='bbox 497 1145 610 1198; x_wconf 81' lang='lat' dir='ltr'><strong><em>Sanctae</em></strong></span> <span class='ocrx_word' id='word_1_123' title='bbox 633 1138 734 1197; x_wconf 90' lang='lat' dir='ltr'><strong><em>Crucis</em></strong></span> <span class='ocrx_word' id='word_1_124' title='bbox 758 1140 918 1211; x_wconf 86' lang='lat' dir='ltr'><strong><em>objectum,</em></strong></span> <span class='ocrx_word' id='word_1_125' title='bbox 972 1141 1138 1210; x_wconf 79' lang='lat' dir='ltr'><strong><em>Sebastiam,</em></strong></span> <span class='ocrx_word' id='word_1_126' title='bbox 1155 1151 1181 1199; x_wconf 89' lang='lat' dir='ltr'><strong><em>et</em></strong></span> <span class='ocrx_word' id='word_1_127' title='bbox 1194 1158 1287 1200; x_wconf 82' lang='lat' dir='ltr'><strong><em>ornroes</em></strong></span> <span class='ocrx_word' id='word_1_128' title='bbox 1299 1145 1428 1200; x_wconf 86' lang='lat' dir='ltr'><strong><em>ccclesias</em></strong></span> <span class='ocrx_word' id='word_1_129' title='bbox 1442 1145 1472 1198; x_wconf 89' lang='lat' dir='ltr'><strong><em>in</em></strong></span> <span class='ocrx_word' id='word_1_130' title='bbox 1499 1146 1594 1200; x_wconf 86' lang='lat' dir='ltr'><strong><em>castro</em></strong></span> <span class='ocrx_word' id='word_1_131' title='bbox 1623 1145 1746 1213; x_wconf 85' lang='lat' dir='ltr'><strong><em>coirens,</em></strong></span> <span class='ocrx_word' id='word_1_132' title='bbox 1770 1153 1800 1200; x_wconf 87' lang='lat' dir='ltr'><strong><em>ct</em></strong></span> 
     </span>
     <span class='ocr_line' id='line_1_12' title="bbox 88 1227 1796 1305; baseline -0.001 -15"><span class='ocrx_word' id='word_1_133' title='bbox 88 1250 136 1290; x_wconf 88' lang='lat' dir='ltr'><strong><em>sos</em></strong></span> <span class='ocrx_word' id='word_1_134' title='bbox 146 1232 210 1290; x_wconf 88' lang='lat' dir='ltr'><strong><em>sihi</em></strong></span> <span class='ocrx_word' id='word_1_135' title='bbox 219 1231 387 1289; x_wconf 87' lang='lat' dir='ltr'><strong><em>contrarios</em></strong></span> <span class='ocrx_word' id='word_1_136' title='bbox 396 1230 553 1301; x_wconf 83' lang='lat' dir='ltr'><strong><em>exstitisse,</em></strong></span> <span class='ocrx_word' id='word_1_137' title='bbox 562 1246 630 1286; x_wconf 91' lang='lat' dir='ltr'><strong><em>cum</em></strong></span> <span class='ocrx_word' id='word_1_138' title='bbox 642 1229 724 1303; x_wconf 90' lang='lat' dir='ltr'><strong><em>prius</em></strong></span> <span class='ocrx_word' id='word_1_139' title='bbox 735 1227 878 1285; x_wconf 80' lang='lat' dir='ltr'><strong><em>dixissent</em></strong></span> <span class='ocrx_word' id='word_1_140' title='bbox 887 1244 919 1284; x_wconf 90' lang='lat' dir='ltr'><strong><em>se</em></strong></span> <span class='ocrx_word' id='word_1_141' title='bbox 971 1232 1101 1289; x_wconf 85' lang='lat' dir='ltr'><strong><em>terminis</em></strong></span> <span class='ocrx_word' id='word_1_142' title='bbox 1115 1234 1172 1302; x_wconf 81' lang='lat' dir='ltr'><strong><em>eius</em></strong></span> <span class='ocrx_word' id='word_1_143' title='bbox 1182 1234 1325 1305; x_wconf 73' lang='lat' dir='ltr'><strong><em>inuitatus,</em></strong></span> <span class='ocrx_word' id='word_1_144' title='bbox 1341 1233 1518 1291; x_wconf 68' lang='lat' dir='ltr'><strong><em>haereditates</em></strong></span> <span class='ocrx_word' id='word_1_145' title='bbox 1527 1248 1633 1305; x_wconf 85' lang='lat' dir='ltr'><strong><em>quoque</em></strong></span> <span class='ocrx_word' id='word_1_146' title='bbox 1644 1234 1674 1289; x_wconf 89' lang='lat' dir='ltr'><strong><em>iu</em></strong></span> <span class='ocrx_word' id='word_1_147' title='bbox 1684 1236 1796 1289; x_wconf 88' lang='lat' dir='ltr'><strong><em>attesta-</em></strong></span> 
     </span>
     <span class='ocr_line' id='line_1_13' title="bbox 87 1318 1797 1398; baseline 0 -18"><span class='ocrx_word' id='word_1_148' title='bbox 87 1323 175 1381; x_wconf 86' lang='lat' dir='ltr'><strong><em>nohis</em></strong></span> <span class='ocrx_word' id='word_1_149' title='bbox 190 1326 287 1379; x_wconf 90' lang='lat' dir='ltr'><strong><em>tntam</em></strong></span> <span class='ocrx_word' id='word_1_150' title='bbox 297 1321 450 1379; x_wconf 85' lang='lat' dir='ltr'><strong><em>ueritatem</em></strong></span> <span class='ocrx_word' id='word_1_151' title='bbox 465 1320 574 1394; x_wconf 82' lang='lat' dir='ltr'><strong><em>negotii</em></strong></span> <span class='ocrx_word' id='word_1_152' title='bbox 592 1318 737 1388; x_wconf 88' lang='lat' dir='ltr'><strong><em>retulisse,</em></strong></span> <span class='ocrx_word' id='word_1_153' title='bbox 748 1319 918 1375; x_wconf 87' lang='lat' dir='ltr'><strong><em>noseoundu</em></strong></span> <span class='ocrx_word' id='word_1_154' title='bbox 970 1323 1094 1380; x_wconf 75' lang='lat' dir='ltr'><strong><em>tionibus</em></strong></span> <span class='ocrx_word' id='word_1_155' title='bbox 1121 1326 1328 1396; x_wconf 84' lang='lat' dir='ltr'><strong><em>comprehensos</em></strong></span> <span class='ocrx_word' id='word_1_156' title='bbox 1360 1325 1542 1398; x_wconf 70' lang='lat' dir='ltr'><strong><em>proprietatis</em></strong></span> <span class='ocrx_word' id='word_1_157' title='bbox 1564 1325 1642 1397; x_wconf 82' lang='lat' dir='ltr'><strong><em>jure,</em></strong></span> <span class='ocrx_word' id='word_1_158' title='bbox 1671 1324 1797 1381; x_wconf 85' lang='lat' dir='ltr'><strong><em>uidelicet</em></strong></span> 
     </span>
     <span class='ocr_line' id='line_1_14' title="bbox 87 1408 1793 1486; baseline -0.001 -17"><span class='ocrx_word' id='word_1_159' title='bbox 87 1414 166 1486; x_wconf 89' lang='lat' dir='ltr'><strong><em>quud</em></strong></span> <span class='ocrx_word' id='word_1_160' title='bbox 182 1413 221 1469; x_wconf 90' lang='lat' dir='ltr'><strong><em>de</em></strong></span> <span class='ocrx_word' id='word_1_161' title='bbox 236 1411 294 1469; x_wconf 88' lang='lat' dir='ltr'><strong><em>rati</em></strong></span> <span class='ocrx_word' id='word_1_162' title='bbox 308 1411 470 1481; x_wconf 88' lang='lat' dir='ltr'><strong><em>habitione,</em></strong></span> <span class='ocrx_word' id='word_1_163' title='bbox 485 1427 550 1484; x_wconf 78' lang='lat' dir='ltr'><strong><em>quar</em></strong></span> <span class='ocrx_word' id='word_1_164' title='bbox 571 1414 635 1467; x_wconf 90' lang='lat' dir='ltr'><strong><em>erat</em></strong></span> <span class='ocrx_word' id='word_1_165' title='bbox 662 1408 748 1482; x_wconf 88' lang='lat' dir='ltr'><strong><em>quusi</em></strong></span> <span class='ocrx_word' id='word_1_166' title='bbox 772 1409 918 1481; x_wconf 80' lang='lat' dir='ltr'><strong><em>precipua</em></strong></span> <span class='ocrx_word' id='word_1_167' title='bbox 971 1412 1150 1469; x_wconf 77' lang='lat' dir='ltr'><strong><em>ttsreditntcs</em></strong></span> <span class='ocrx_word' id='word_1_168' title='bbox 1163 1414 1197 1469; x_wconf 89' lang='lat' dir='ltr'><strong><em>dc</em></strong></span> <span class='ocrx_word' id='word_1_169' title='bbox 1207 1417 1313 1471; x_wconf 75' lang='lat' dir='ltr'><strong><em>carices</em></strong></span> <span class='ocrx_word' id='word_1_170' title='bbox 1323 1429 1383 1469; x_wconf 89' lang='lat' dir='ltr'><strong><em>cum</em></strong></span> <span class='ocrx_word' id='word_1_171' title='bbox 1397 1411 1514 1469; x_wconf 83' lang='lat' dir='ltr'><strong><em>ecclesie</em></strong></span> <span class='ocrx_word' id='word_1_172' title='bbox 1528 1428 1581 1468; x_wconf 89' lang='lat' dir='ltr'><strong><em>suu</em></strong></span> <span class='ocrx_word' id='word_1_173' title='bbox 1594 1413 1629 1468; x_wconf 78' lang='lat' dir='ltr'><strong><em>cle</em></strong></span> <span class='ocrx_word' id='word_1_174' title='bbox 1643 1412 1793 1477; x_wconf 86' lang='lat' dir='ltr'><strong><em>dunrchos,</em></strong></span> 
     </span>
     <span class='ocr_line' id='line_1_15' title="bbox 88 1499 1793 1577; baseline -0.001 -18"><span class='ocrx_word' id='word_1_175' title='bbox 88 1519 155 1577; x_wconf 87' lang='lat' dir='ltr'><strong><em>pars</em></strong></span> <span class='ocrx_word' id='word_1_176' title='bbox 171 1502 268 1574; x_wconf 85' lang='lat' dir='ltr'><strong><em>hujus</em></strong></span> <span class='ocrx_word' id='word_1_177' title='bbox 284 1500 404 1574; x_wconf 72' lang='lat' dir='ltr'><strong><em>negotii,</em></strong></span> <span class='ocrx_word' id='word_1_178' title='bbox 420 1517 479 1558; x_wconf 92' lang='lat' dir='ltr'><strong><em>unu</em></strong></span> <span class='ocrx_word' id='word_1_179' title='bbox 499 1500 628 1558; x_wconf 86' lang='lat' dir='ltr'><strong><em>tenorent</em></strong></span> <span class='ocrx_word' id='word_1_180' title='bbox 654 1499 845 1556; x_wconf 88' lang='lat' dir='ltr'><strong><em>mentionem.</em></strong></span> <span class='ocrx_word' id='word_1_181' title='bbox 873 1500 915 1556; x_wconf 84' lang='lat' dir='ltr'><strong><em>l&#39;u</em></strong></span> <span class='ocrx_word' id='word_1_182' title='bbox 971 1502 1160 1571; x_wconf 82' lang='lat' dir='ltr'><strong><em>decemuiro,</em></strong></span> <span class='ocrx_word' id='word_1_183' title='bbox 1176 1503 1210 1559; x_wconf 89' lang='lat' dir='ltr'><strong><em>de</em></strong></span> <span class='ocrx_word' id='word_1_184' title='bbox 1224 1503 1342 1571; x_wconf 77' lang='lat' dir='ltr'><strong><em>sinedi,</em></strong></span> <span class='ocrx_word' id='word_1_185' title='bbox 1353 1504 1386 1558; x_wconf 90' lang='lat' dir='ltr'><strong><em>ds</em></strong></span> <span class='ocrx_word' id='word_1_186' title='bbox 1400 1503 1498 1559; x_wconf 88' lang='lat' dir='ltr'><strong><em>Sancto</em></strong></span> <span class='ocrx_word' id='word_1_187' title='bbox 1513 1503 1667 1573; x_wconf 83' lang='lat' dir='ltr'><strong><em>l&#39;srissirno,</em></strong></span> <span class='ocrx_word' id='word_1_188' title='bbox 1680 1502 1713 1558; x_wconf 88' lang='lat' dir='ltr'><strong><em>dc</em></strong></span> <span class='ocrx_word' id='word_1_189' title='bbox 1740 1501 1793 1558; x_wconf 85' lang='lat' dir='ltr'><strong><em>Ca·</em></strong></span> 
     </span>
     <span class='ocr_line' id='line_1_16' title="bbox 89 1589 1792 1666; baseline 0.001 -19"><span class='ocrx_word' id='word_1_190' title='bbox 89 1607 154 1649; x_wconf 84' lang='lat' dir='ltr'><strong><em>reru</em></strong></span> <span class='ocrx_word' id='word_1_191' title='bbox 169 1591 306 1659; x_wconf 86' lang='lat' dir='ltr'><strong><em>dicebas,</em></strong></span> <span class='ocrx_word' id='word_1_192' title='bbox 318 1591 398 1666; x_wconf 90' lang='lat' dir='ltr'><strong><em>quod</em></strong></span> <span class='ocrx_word' id='word_1_193' title='bbox 414 1591 491 1663; x_wconf 88' lang='lat' dir='ltr'><strong><em>testi,</em></strong></span> <span class='ocrx_word' id='word_1_194' title='bbox 506 1607 593 1665; x_wconf 89' lang='lat' dir='ltr'><strong><em>quam</em></strong></span> <span class='ocrx_word' id='word_1_195' title='bbox 608 1606 677 1662; x_wconf 89' lang='lat' dir='ltr'><strong><em>pars</em></strong></span> <span class='ocrx_word' id='word_1_196' title='bbox 691 1591 804 1646; x_wconf 81' lang='lat' dir='ltr'><strong><em>Sancta</em></strong></span> <span class='ocrx_word' id='word_1_197' title='bbox 815 1589 916 1646; x_wconf 87' lang='lat' dir='ltr'><strong><em>Crucis</em></strong></span> <span class='ocrx_word' id='word_1_198' title='bbox 971 1594 1353 1666; x_wconf 73' lang='lat' dir='ltr'><strong><em>timc‚quinparssuncte</em></strong></span> <span class='ocrx_word' id='word_1_199' title='bbox 1368 1594 1540 1652; x_wconf 89' lang='lat' dir='ltr'><strong><em>crucisnnc</em></strong></span> <span class='ocrx_word' id='word_1_200' title='bbox 1570 1592 1792 1666; x_wconf 89' lang='lat' dir='ltr'><strong><em>prescriptione,</em></strong></span> 
     </span>
     <span class='ocr_line' id='line_1_17' title="bbox 88 1680 1794 1757; baseline 0 -18"><span class='ocrx_word' id='word_1_201' title='bbox 88 1682 257 1751; x_wconf 74' lang='lat' dir='ltr'><strong><em>induxerat,</em></strong></span> <span class='ocrx_word' id='word_1_202' title='bbox 274 1683 455 1739; x_wconf 86' lang='lat' dir='ltr'><strong><em>credendum</em></strong></span> <span class='ocrx_word' id='word_1_203' title='bbox 469 1686 533 1738; x_wconf 88' lang='lat' dir='ltr'><strong><em>erat</em></strong></span> <span class='ocrx_word' id='word_1_204' title='bbox 544 1680 647 1737; x_wconf 89' lang='lat' dir='ltr'><strong><em>merito</em></strong></span> <span class='ocrx_word' id='word_1_205' title='bbox 657 1684 759 1737; x_wconf 81' lang='lat' dir='ltr'><strong><em>eontra</em></strong></span> <span class='ocrx_word' id='word_1_206' title='bbox 773 1694 848 1736; x_wconf 89' lang='lat' dir='ltr'><strong><em>eam.</em></strong></span> <span class='ocrx_word' id='word_1_207' title='bbox 862 1680 914 1736; x_wconf 81' lang='lat' dir='ltr'><strong><em>iu·</em></strong></span> <span class='ocrx_word' id='word_1_208' title='bbox 970 1700 1023 1740; x_wconf 90' lang='lat' dir='ltr'><strong><em>nac</em></strong></span> <span class='ocrx_word' id='word_1_209' title='bbox 1037 1684 1206 1743; x_wconf 85' lang='lat' dir='ltr'><strong><em>detonsione</em></strong></span> <span class='ocrx_word' id='word_1_210' title='bbox 1222 1684 1445 1757; x_wconf 82' lang='lat' dir='ltr'><strong><em>probationibus</em></strong></span> <span class='ocrx_word' id='word_1_211' title='bbox 1456 1688 1557 1740; x_wconf 88' lang='lat' dir='ltr'><strong><em>contra</em></strong></span> <span class='ocrx_word' id='word_1_212' title='bbox 1568 1683 1692 1740; x_wconf 89' lang='lat' dir='ltr'><strong><em>seiactis</em></strong></span> <span class='ocrx_word' id='word_1_213' title='bbox 1702 1684 1794 1740; x_wconf 88' lang='lat' dir='ltr'><strong><em>obsti·</em></strong></span> 
     </span>
     <span class='ocr_line' id='line_1_18' title="bbox 86 1768 1839 1846; baseline 0.001 -18"><span class='ocrx_word' id='word_1_214' title='bbox 86 1772 167 1829; x_wconf 91' lang='lat' dir='ltr'><strong><em>diosa</em></strong></span> <span class='ocrx_word' id='word_1_215' title='bbox 182 1771 290 1845; x_wconf 79' lang='lat' dir='ltr'><strong><em>igitur,</em></strong></span> <span class='ocrx_word' id='word_1_216' title='bbox 303 1771 486 1829; x_wconf 88' lang='lat' dir='ltr'><strong><em>attendentes</em></strong></span> <span class='ocrx_word' id='word_1_217' title='bbox 502 1771 532 1827; x_wconf 92' lang='lat' dir='ltr'><strong><em>iu</em></strong></span> <span class='ocrx_word' id='word_1_218' title='bbox 548 1769 655 1827; x_wconf 87' lang='lat' dir='ltr'><strong><em>littaris</em></strong></span> <span class='ocrx_word' id='word_1_219' title='bbox 666 1769 776 1826; x_wconf 88' lang='lat' dir='ltr'><strong><em>uostris</em></strong></span> <span class='ocrx_word' id='word_1_220' title='bbox 791 1768 918 1843; x_wconf 88' lang='lat' dir='ltr'><strong><em>appella·</em></strong></span> <span class='ocrx_word' id='word_1_221' title='bbox 971 1777 1057 1839; x_wconf 89' lang='lat' dir='ltr'><strong><em>terat,</em></strong></span> <span class='ocrx_word' id='word_1_222' title='bbox 1070 1772 1335 1846; x_wconf 82' lang='lat' dir='ltr'><strong><em>judieurrrntinjus</em></strong></span> <span class='ocrx_word' id='word_1_223' title='bbox 1346 1773 1564 1831; x_wconf 78' lang='lat' dir='ltr'><strong><em>colimbriensis</em></strong></span> <span class='ocrx_word' id='word_1_224' title='bbox 1577 1772 1706 1831; x_wconf 86' lang='lat' dir='ltr'><strong><em>ecclesia</em></strong></span> <span class='ocrx_word' id='word_1_225' title='bbox 1726 1788 1796 1832; x_wconf 88' lang='lat' dir='ltr'><strong><em>oum</em></strong></span> <span class='ocrx_word' id='word_1_226' title='bbox 1835 1800 1839 1807; x_wconf 95' lang='lat'>·</span> 
     </span>
     <span class='ocr_line' id='line_1_19' title="bbox 89 1859 1796 1937; baseline 0 -18"><span class='ocrx_word' id='word_1_227' title='bbox 89 1862 198 1919; x_wconf 75' lang='lat' dir='ltr'><strong><em>ionem</em></strong></span> <span class='ocrx_word' id='word_1_228' title='bbox 216 1862 310 1919; x_wconf 86' lang='lat' dir='ltr'><strong><em>tuisse</em></strong></span> <span class='ocrx_word' id='word_1_229' title='bbox 324 1861 515 1935; x_wconf 72' lang='lat' dir='ltr'><strong><em>prohibitam,</em></strong></span> <span class='ocrx_word' id='word_1_230' title='bbox 531 1877 585 1918; x_wconf 91' lang='lat' dir='ltr'><strong><em>nen</em></strong></span> <span class='ocrx_word' id='word_1_231' title='bbox 597 1859 746 1918; x_wconf 88' lang='lat' dir='ltr'><strong><em>exstitisse</em></strong></span> <span class='ocrx_word' id='word_1_232' title='bbox 769 1859 916 1917; x_wconf 88' lang='lat' dir='ltr'><strong><em>conditio·</em></strong></span> <span class='ocrx_word' id='word_1_233' title='bbox 972 1862 1116 1921; x_wconf 83' lang='lat' dir='ltr'><strong><em>tractibus</em></strong></span> <span class='ocrx_word' id='word_1_234' title='bbox 1136 1863 1225 1920; x_wconf 90' lang='lat' dir='ltr'><strong><em>medii</em></strong></span> <span class='ocrx_word' id='word_1_235' title='bbox 1253 1865 1395 1937; x_wconf 86' lang='lat' dir='ltr'><strong><em>temporis</em></strong></span> <span class='ocrx_word' id='word_1_236' title='bbox 1418 1878 1557 1935; x_wconf 79' lang='lat' dir='ltr'><strong><em>reuocari,</em></strong></span> <span class='ocrx_word' id='word_1_237' title='bbox 1587 1864 1646 1920; x_wconf 92' lang='lat' dir='ltr'><strong><em>dun</em></strong></span> <span class='ocrx_word' id='word_1_238' title='bbox 1673 1879 1796 1936; x_wconf 87' lang='lat' dir='ltr'><strong><em>corpora</em></strong></span> 
     </span>
     <span class='ocr_line' id='line_1_20' title="bbox 90 1949 1796 2027; baseline -0.006 -8"><span class='ocrx_word' id='word_1_239' title='bbox 90 1949 794 2024; x_wconf 63' lang='lat' dir='ltr'><strong><em>³⁰1⁰,flflbqwtiumhiberoiedixerumquod</em></strong></span> <span class='ocrx_word' id='word_1_240' title='bbox 805 1950 915 2007; x_wconf 87' lang='lat' dir='ltr'><strong><em>iactum</em></strong></span> <span class='ocrx_word' id='word_1_241' title='bbox 971 1954 1235 2027; x_wconf 89' lang='lat' dir='ltr'><strong><em>mortuorum,qul</em></strong></span> <span class='ocrx_word' id='word_1_242' title='bbox 1260 1955 1503 2011; x_wconf 83' lang='lat' dir='ltr'><strong><em>excommunicati</em></strong></span> <span class='ocrx_word' id='word_1_243' title='bbox 1533 1955 1730 2020; x_wconf 84' lang='lat' dir='ltr'><strong><em>decesserant,</em></strong></span> <span class='ocrx_word' id='word_1_244' title='bbox 1760 1954 1796 2009; x_wconf 88' lang='lat' dir='ltr'><strong><em>du</em></strong></span> 
     </span>
     <span class='ocr_line' id='line_1_21' title="bbox 88 2039 1796 2115; baseline 0.001 -18"><span class='ocrx_word' id='word_1_245' title='bbox 88 2042 183 2099; x_wconf 87' lang='lat' dir='ltr'><strong><em>iuerat</em></strong></span> <span class='ocrx_word' id='word_1_246' title='bbox 196 2041 350 2112; x_wconf 83' lang='lat' dir='ltr'><strong><em>adaoann,</em></strong></span> <span class='ocrx_word' id='word_1_247' title='bbox 360 2041 550 2115; x_wconf 85' lang='lat' dir='ltr'><strong><em>etquodnos,</em></strong></span> <span class='ocrx_word' id='word_1_248' title='bbox 561 2040 794 2114; x_wconf 85' lang='lat' dir='ltr'><strong><em>inspectatntius</em></strong></span> <span class='ocrx_word' id='word_1_249' title='bbox 807 2039 916 2114; x_wconf 77' lang='lat' dir='ltr'><strong><em>negotii</em></strong></span> <span class='ocrx_word' id='word_1_250' title='bbox 970 2044 1136 2102; x_wconf 68' lang='lat' dir='ltr'><strong><em>caemeterio</em></strong></span> <span class='ocrx_word' id='word_1_251' title='bbox 1150 2044 1321 2101; x_wconf 89' lang='lat' dir='ltr'><strong><em>monasterii</em></strong></span> <span class='ocrx_word' id='word_1_252' title='bbox 1336 2043 1514 2100; x_wconf 79' lang='lat' dir='ltr'><strong><em>extumulari</em></strong></span> <span class='ocrx_word' id='word_1_253' title='bbox 1537 2043 1722 2115; x_wconf 88' lang='lat' dir='ltr'><strong><em>mandantes,</em></strong></span> <span class='ocrx_word' id='word_1_254' title='bbox 1737 2045 1796 2098; x_wconf 89' lang='lat' dir='ltr'><strong><em>atu</em></strong></span> 
     </span>
     <span class='ocr_line' id='line_1_22' title="bbox 88 2131 1795 2207; baseline 0.002 -21"><span class='ocrx_word' id='word_1_255' title='bbox 88 2131 223 2200; x_wconf 86' lang='lat' dir='ltr'><strong><em>raritate,</em></strong></span> <span class='ocrx_word' id='word_1_256' title='bbox 240 2131 547 2205; x_wconf 86' lang='lat' dir='ltr'><strong><em>pronuntiaveramus,</em></strong></span> <span class='ocrx_word' id='word_1_257' title='bbox 563 2146 683 2189; x_wconf 84' lang='lat' dir='ltr'><strong><em>oarrsnm</em></strong></span> <span class='ocrx_word' id='word_1_258' title='bbox 697 2138 777 2188; x_wconf 90' lang='lat' dir='ltr'><strong><em>tuam</em></strong></span> <span class='ocrx_word' id='word_1_259' title='bbox 792 2146 850 2187; x_wconf 92' lang='lat' dir='ltr'><strong><em>nou</em></strong></span> <span class='ocrx_word' id='word_1_260' title='bbox 866 2131 915 2188; x_wconf 89' lang='lat' dir='ltr'><strong><em>de·</em></strong></span> <span class='ocrx_word' id='word_1_261' title='bbox 970 2135 1148 2192; x_wconf 89' lang='lat' dir='ltr'><strong><em>monastario</em></strong></span> <span class='ocrx_word' id='word_1_262' title='bbox 1172 2134 1287 2207; x_wconf 88' lang='lat' dir='ltr'><strong><em>penitus</em></strong></span> <span class='ocrx_word' id='word_1_263' title='bbox 1315 2135 1453 2191; x_wconf 86' lang='lat' dir='ltr'><strong><em>amoueri.</em></strong></span> <span class='ocrx_word' id='word_1_264' title='bbox 1484 2134 1682 2190; x_wconf 86' lang='lat' dir='ltr'><strong><em>Decrcuaruut</em></strong></span> <span class='ocrx_word' id='word_1_265' title='bbox 1705 2132 1795 2190; x_wconf 90' lang='lat' dir='ltr'><strong><em>etiam</em></strong></span> 
     </span>
     <span class='ocr_line' id='line_1_23' title="bbox 89 2221 1795 2299; baseline 0 -20"><span class='ocrx_word' id='word_1_266' title='bbox 89 2223 151 2280; x_wconf 88' lang='lat' dir='ltr'><strong><em>hers</em></strong></span> <span class='ocrx_word' id='word_1_267' title='bbox 166 2238 221 2296; x_wconf 75' lang='lat' dir='ltr'><strong><em>per</em></strong></span> <span class='ocrx_word' id='word_1_268' title='bbox 235 2236 280 2291; x_wconf 90' lang='lat' dir='ltr'><strong><em>aa,</em></strong></span> <span class='ocrx_word' id='word_1_269' title='bbox 293 2238 357 2296; x_wconf 84' lang='lat' dir='ltr'><strong><em>qus</em></strong></span> <span class='ocrx_word' id='word_1_270' title='bbox 369 2221 504 2279; x_wconf 88' lang='lat' dir='ltr'><strong><em>canonici</em></strong></span> <span class='ocrx_word' id='word_1_271' title='bbox 513 2226 625 2278; x_wconf 76' lang='lat' dir='ltr'><strong><em>cancta</em></strong></span> <span class='ocrx_word' id='word_1_272' title='bbox 635 2222 738 2280; x_wconf 88' lang='lat' dir='ltr'><strong><em>crucis</em></strong></span> <span class='ocrx_word' id='word_1_273' title='bbox 749 2222 916 2295; x_wconf 82' lang='lat' dir='ltr'><strong><em>objecerant</em></strong></span> <span class='ocrx_word' id='word_1_274' title='bbox 970 2229 1067 2298; x_wconf 89' lang='lat' dir='ltr'><strong><em>partes</em></strong></span> <span class='ocrx_word' id='word_1_275' title='bbox 1084 2224 1290 2299; x_wconf 81' lang='lat' dir='ltr'><strong><em>parochiarum</em></strong></span> <span class='ocrx_word' id='word_1_276' title='bbox 1301 2224 1399 2281; x_wconf 84' lang='lat' dir='ltr'><strong><em>Sancti</em></strong></span> <span class='ocrx_word' id='word_1_277' title='bbox 1411 2222 1523 2293; x_wconf 86' lang='lat' dir='ltr'><strong><em>iacchi,</em></strong></span> <span class='ocrx_word' id='word_1_278' title='bbox 1535 2225 1564 2280; x_wconf 87' lang='lat' dir='ltr'><strong><em>nt</em></strong></span> <span class='ocrx_word' id='word_1_279' title='bbox 1574 2223 1603 2280; x_wconf 84' lang='lat' dir='ltr'><strong><em>S.</em></strong></span> <span class='ocrx_word' id='word_1_280' title='bbox 1614 2223 1629 2279; x_wconf 84' lang='lat' dir='ltr'>J</span> <span class='ocrx_word' id='word_1_281' title='bbox 1635 2226 1716 2291; x_wconf 82' lang='lat' dir='ltr'><strong><em>uste,</em></strong></span> <span class='ocrx_word' id='word_1_282' title='bbox 1730 2237 1795 2295; x_wconf 84' lang='lat' dir='ltr'><strong><em>quc</em></strong></span> 
     </span>
     <span class='ocr_line' id='line_1_24' title="bbox 88 2310 1794 2387; baseline -0.001 -19"><span class='ocrx_word' id='word_1_283' title='bbox 88 2313 235 2387; x_wconf 88' lang='lat' dir='ltr'><strong><em>impediri,</em></strong></span> <span class='ocrx_word' id='word_1_284' title='bbox 252 2312 473 2370; x_wconf 87' lang='lat' dir='ltr'><strong><em>considerantes</em></strong></span> <span class='ocrx_word' id='word_1_285' title='bbox 488 2311 588 2382; x_wconf 87' lang='lat' dir='ltr'><strong><em>etiam,</em></strong></span> <span class='ocrx_word' id='word_1_286' title='bbox 604 2313 680 2385; x_wconf 90' lang='lat' dir='ltr'><strong><em>quod</em></strong></span> <span class='ocrx_word' id='word_1_287' title='bbox 710 2329 779 2387; x_wconf 90' lang='lat' dir='ltr'><strong><em>pars</em></strong></span> <span class='ocrx_word' id='word_1_288' title='bbox 802 2313 915 2370; x_wconf 82' lang='lat' dir='ltr'><strong><em>Saucia</em></strong></span> <span class='ocrx_word' id='word_1_289' title='bbox 970 2315 1160 2372; x_wconf 87' lang='lat' dir='ltr'><strong><em>demandato</em></strong></span> <span class='ocrx_word' id='word_1_290' title='bbox 1183 2315 1262 2386; x_wconf 79' lang='lat' dir='ltr'><strong><em>regin</em></strong></span> <span class='ocrx_word' id='word_1_291' title='bbox 1292 2317 1395 2387; x_wconf 83' lang='lat' dir='ltr'><strong><em>practer</em></strong></span> <span class='ocrx_word' id='word_1_292' title='bbox 1422 2313 1629 2369; x_wconf 88' lang='lat' dir='ltr'><strong><em>auctoritatam</em></strong></span> <span class='ocrx_word' id='word_1_293' title='bbox 1659 2310 1794 2368; x_wconf 77' lang='lat' dir='ltr'><strong><em>ccclesia</em></strong></span> 
     </span>
     <span class='ocr_line' id='line_1_25' title="bbox 88 2400 1792 2476; baseline -0.002 -17"><span class='ocrx_word' id='word_1_294' title='bbox 88 2402 186 2460; x_wconf 85' lang='lat' dir='ltr'><strong><em>crucis</em></strong></span> <span class='ocrx_word' id='word_1_295' title='bbox 203 2402 378 2476; x_wconf 83' lang='lat' dir='ltr'><strong><em>pradictum</em></strong></span> <span class='ocrx_word' id='word_1_296' title='bbox 392 2404 548 2472; x_wconf 79' lang='lat' dir='ltr'><strong><em>loannem,</em></strong></span> <span class='ocrx_word' id='word_1_297' title='bbox 564 2416 653 2476; x_wconf 88' lang='lat' dir='ltr'><strong><em>quem</em></strong></span> <span class='ocrx_word' id='word_1_298' title='bbox 666 2402 729 2476; x_wconf 85' lang='lat' dir='ltr'><strong><em>ipsa</em></strong></span> <span class='ocrx_word' id='word_1_299' title='bbox 739 2403 916 2475; x_wconf 86' lang='lat' dir='ltr'><strong><em>produxerat</em></strong></span> <span class='ocrx_word' id='word_1_300' title='bbox 970 2404 1070 2462; x_wconf 89' lang='lat' dir='ltr'><strong><em>divissa</em></strong></span> <span class='ocrx_word' id='word_1_301' title='bbox 1085 2405 1209 2472; x_wconf 87' lang='lat' dir='ltr'><strong><em>lucrant,</em></strong></span> <span class='ocrx_word' id='word_1_302' title='bbox 1225 2407 1253 2460; x_wconf 89' lang='lat' dir='ltr'><strong><em>ct</em></strong></span> <span class='ocrx_word' id='word_1_303' title='bbox 1268 2401 1383 2475; x_wconf 79' lang='lat' dir='ltr'><strong><em>capella</em></strong></span> <span class='ocrx_word' id='word_1_304' title='bbox 1398 2400 1498 2459; x_wconf 83' lang='lat' dir='ltr'><strong><em>Sancti</em></strong></span> <span class='ocrx_word' id='word_1_305' title='bbox 1512 2401 1636 2457; x_wconf 80' lang='lat' dir='ltr'><strong><em>loannis</em></strong></span> <span class='ocrx_word' id='word_1_306' title='bbox 1663 2400 1792 2473; x_wconf 77' lang='lat' dir='ltr'><strong><em>adjectu,</em></strong></span> 
     </span>
     <span class='ocr_line' id='line_1_26' title="bbox 88 2488 1794 2567; baseline -0.001 -18"><span class='ocrx_word' id='word_1_307' title='bbox 88 2498 113 2549; x_wconf 90' lang='lat' dir='ltr'><strong><em>et</em></strong></span> <span class='ocrx_word' id='word_1_308' title='bbox 125 2493 178 2567; x_wconf 89' lang='lat' dir='ltr'><strong><em>qui</em></strong></span> <span class='ocrx_word' id='word_1_309' title='bbox 186 2493 496 2567; x_wconf 75' lang='lat' dir='ltr'><strong><em>judicesipsnssuper</em></strong></span> <span class='ocrx_word' id='word_1_310' title='bbox 507 2493 554 2563; x_wconf 90' lang='lat' dir='ltr'><strong><em>iis,</em></strong></span> <span class='ocrx_word' id='word_1_311' title='bbox 572 2508 636 2567; x_wconf 81' lang='lat' dir='ltr'><strong><em>quas</em></strong></span> <span class='ocrx_word' id='word_1_312' title='bbox 647 2508 745 2550; x_wconf 82' lang='lat' dir='ltr'><strong><em>coram</em></strong></span> <span class='ocrx_word' id='word_1_313' title='bbox 757 2492 916 2551; x_wconf 89' lang='lat' dir='ltr'><strong><em>unhisacta</em></strong></span> <span class='ocrx_word' id='word_1_314' title='bbox 970 2496 1006 2554; x_wconf 87' lang='lat' dir='ltr'><strong><em>ad</em></strong></span> <span class='ocrx_word' id='word_1_315' title='bbox 1022 2498 1131 2553; x_wconf 88' lang='lat' dir='ltr'><strong><em>statum</em></strong></span> <span class='ocrx_word' id='word_1_316' title='bbox 1148 2493 1325 2567; x_wconf 79' lang='lat' dir='ltr'><strong><em>integritatis</em></strong></span> <span class='ocrx_word' id='word_1_317' title='bbox 1342 2492 1441 2566; x_wconf 82' lang='lat' dir='ltr'><strong><em>prima</em></strong></span> <span class='ocrx_word' id='word_1_318' title='bbox 1458 2491 1569 2562; x_wconf 87' lang='lat' dir='ltr'><strong><em>reduci,</em></strong></span> <span class='ocrx_word' id='word_1_319' title='bbox 1591 2496 1620 2547; x_wconf 86' lang='lat' dir='ltr'><strong><em>et</em></strong></span> <span class='ocrx_word' id='word_1_320' title='bbox 1652 2488 1794 2563; x_wconf 86' lang='lat' dir='ltr'><strong><em>capellam</em></strong></span> 
     </span>
     <span class='ocr_line' id='line_1_27' title="bbox 89 2581 1795 2658; baseline 0.001 -22"><span class='ocrx_word' id='word_1_321' title='bbox 89 2581 214 2651; x_wconf 77' lang='lat' dir='ltr'><strong><em>tuemnt,</em></strong></span> <span class='ocrx_word' id='word_1_322' title='bbox 226 2583 405 2650; x_wconf 85' lang='lat' dir='ltr'><strong><em>instruebat,</em></strong></span> <span class='ocrx_word' id='word_1_323' title='bbox 419 2583 738 2657; x_wconf 87' lang='lat' dir='ltr'><strong><em>planiusraprohassst,</em></strong></span> <span class='ocrx_word' id='word_1_324' title='bbox 750 2583 915 2640; x_wconf 80' lang='lat' dir='ltr'><strong><em>interlocuti</em></strong></span> <span class='ocrx_word' id='word_1_325' title='bbox 969 2587 1067 2644; x_wconf 79' lang='lat' dir='ltr'><strong><em>Sancti</em></strong></span> <span class='ocrx_word' id='word_1_326' title='bbox 1079 2586 1202 2643; x_wconf 86' lang='lat' dir='ltr'><strong><em>loannis</em></strong></span> <span class='ocrx_word' id='word_1_327' title='bbox 1217 2589 1359 2658; x_wconf 89' lang='lat' dir='ltr'><strong><em>quantum</em></strong></span> <span class='ocrx_word' id='word_1_328' title='bbox 1375 2585 1411 2641; x_wconf 92' lang='lat' dir='ltr'><strong><em>ad</em></strong></span> <span class='ocrx_word' id='word_1_329' title='bbox 1424 2586 1475 2655; x_wconf 86' lang='lat' dir='ltr'><strong><em>jus</em></strong></span> <span class='ocrx_word' id='word_1_330' title='bbox 1486 2583 1652 2657; x_wconf 82' lang='lat' dir='ltr'><strong><em>parochiale</em></strong></span> <span class='ocrx_word' id='word_1_331' title='bbox 1669 2581 1795 2656; x_wconf 88' lang='lat' dir='ltr'><strong><em>pertinet</em></strong></span> 
     </span>
     <span class='ocr_line' id='line_1_28' title="bbox 90 2671 1795 2748; baseline 0.001 -20"><span class='ocrx_word' id='word_1_332' title='bbox 90 2677 158 2729; x_wconf 91' lang='lat' dir='ltr'><strong><em>sunt</em></strong></span> <span class='ocrx_word' id='word_1_333' title='bbox 170 2674 209 2729; x_wconf 90' lang='lat' dir='ltr'><strong><em>de</em></strong></span> <span class='ocrx_word' id='word_1_334' title='bbox 226 2673 364 2745; x_wconf 88' lang='lat' dir='ltr'><strong><em>prudenti</em></strong></span> <span class='ocrx_word' id='word_1_335' title='bbox 375 2674 508 2746; x_wconf 89' lang='lat' dir='ltr'><strong><em>consilio,</em></strong></span> <span class='ocrx_word' id='word_1_336' title='bbox 520 2688 692 2748; x_wconf 76' lang='lat' dir='ltr'><strong><em>processum</em></strong></span> <span class='ocrx_word' id='word_1_337' title='bbox 704 2673 824 2746; x_wconf 82' lang='lat' dir='ltr'><strong><em>negotii,</em></strong></span> <span class='ocrx_word' id='word_1_338' title='bbox 837 2674 914 2747; x_wconf 87' lang='lat' dir='ltr'><strong><em>quod</em></strong></span> <span class='ocrx_word' id='word_1_339' title='bbox 970 2675 1191 2735; x_wconf 83' lang='lat' dir='ltr'><strong><em>colimbriensis</em></strong></span> <span class='ocrx_word' id='word_1_340' title='bbox 1199 2674 1326 2731; x_wconf 82' lang='lat' dir='ltr'><strong><em>ecclesie</em></strong></span> <span class='ocrx_word' id='word_1_341' title='bbox 1330 2671 1676 2746; x_wconf 86' lang='lat' dir='ltr'><strong><em>jurisdictinntsuppuui,</em></strong></span> <span class='ocrx_word' id='word_1_342' title='bbox 1686 2676 1795 2745; x_wconf 87' lang='lat' dir='ltr'><strong><em>partem</em></strong></span> 
     </span>
     <span class='ocr_line' id='line_1_29' title="bbox 91 2762 1795 2839; baseline -0.001 -20"><span class='ocrx_word' id='word_1_343' title='bbox 91 2764 132 2820; x_wconf 91' lang='lat' dir='ltr'><strong><em>ais</em></strong></span> <span class='ocrx_word' id='word_1_344' title='bbox 146 2762 247 2820; x_wconf 88' lang='lat' dir='ltr'><strong><em>iuerat</em></strong></span> <span class='ocrx_word' id='word_1_345' title='bbox 260 2762 440 2836; x_wconf 85' lang='lat' dir='ltr'><strong><em>delegatum,</em></strong></span> <span class='ocrx_word' id='word_1_346' title='bbox 454 2763 595 2837; x_wconf 89' lang='lat' dir='ltr'><strong><em>impediri</em></strong></span> <span class='ocrx_word' id='word_1_347' title='bbox 614 2765 651 2822; x_wconf 90' lang='lat' dir='ltr'><strong><em>de</em></strong></span> <span class='ocrx_word' id='word_1_348' title='bbox 661 2766 729 2837; x_wconf 78' lang='lat' dir='ltr'><strong><em>jure</em></strong></span> <span class='ocrx_word' id='word_1_349' title='bbox 744 2780 801 2822; x_wconf 90' lang='lat' dir='ltr'><strong><em>unu</em></strong></span> <span class='ocrx_word' id='word_1_350' title='bbox 830 2778 915 2839; x_wconf 88' lang='lat' dir='ltr'><strong><em>posse</em></strong></span> <span class='ocrx_word' id='word_1_351' title='bbox 971 2768 1007 2824; x_wconf 90' lang='lat' dir='ltr'><strong><em>de</em></strong></span> <span class='ocrx_word' id='word_1_352' title='bbox 1021 2767 1107 2824; x_wconf 92' lang='lat' dir='ltr'><strong><em>bculs</em></strong></span> <span class='ocrx_word' id='word_1_353' title='bbox 1123 2764 1339 2834; x_wconf 81' lang='lat' dir='ltr'><strong><em>desudantium,</em></strong></span> <span class='ocrx_word' id='word_1_354' title='bbox 1357 2763 1520 2821; x_wconf 89' lang='lat' dir='ltr'><strong><em>secundum</em></strong></span> <span class='ocrx_word' id='word_1_355' title='bbox 1536 2767 1619 2818; x_wconf 85' lang='lat' dir='ltr'><strong><em>terre</em></strong></span> <span class='ocrx_word' id='word_1_356' title='bbox 1635 2766 1795 2818; x_wconf 89' lang='lat' dir='ltr'><strong><em>consuetu·</em></strong></span> 
     </span>
     <span class='ocr_line' id='line_1_30' title="bbox 88 2852 1796 2927; baseline -0.001 -18"><span class='ocrx_word' id='word_1_357' title='bbox 88 2853 243 2910; x_wconf 86' lang='lat' dir='ltr'><strong><em>occasione</em></strong></span> <span class='ocrx_word' id='word_1_358' title='bbox 256 2855 397 2927; x_wconf 86' lang='lat' dir='ltr'><strong><em>opposita</em></strong></span> <span class='ocrx_word' id='word_1_359' title='bbox 413 2852 560 2912; x_wconf 80' lang='lat' dir='ltr'><strong><em>falsitatis.</em></strong></span> <span class='ocrx_word' id='word_1_360' title='bbox 971 2857 1083 2927; x_wconf 89' lang='lat' dir='ltr'><strong><em>dinam,</em></strong></span> <span class='ocrx_word' id='word_1_361' title='bbox 1097 2854 1227 2913; x_wconf 87' lang='lat' dir='ltr'><strong><em>ecclesiis</em></strong></span> <span class='ocrx_word' id='word_1_362' title='bbox 1244 2853 1302 2911; x_wconf 90' lang='lat' dir='ltr'><strong><em>illis</em></strong></span> <span class='ocrx_word' id='word_1_363' title='bbox 1318 2852 1530 2911; x_wconf 84' lang='lat' dir='ltr'><strong><em>restituendam</em></strong></span> <span class='ocrx_word' id='word_1_364' title='bbox 1545 2866 1610 2910; x_wconf 90' lang='lat' dir='ltr'><strong><em>assa</em></strong></span> <span class='ocrx_word' id='word_1_365' title='bbox 1631 2856 1796 2923; x_wconf 83' lang='lat' dir='ltr'><strong><em>censentes,</em></strong></span> 
     </span>
     <span class='ocr_line' id='line_1_31' title="bbox 119 2942 1797 3021; baseline 0 -22"><span class='ocrx_word' id='word_1_366' title='bbox 119 2942 245 3010; x_wconf 84' lang='lat' dir='ltr'><strong><em>ceindc,</em></strong></span> <span class='ocrx_word' id='word_1_367' title='bbox 273 2960 340 3000; x_wconf 90' lang='lat' dir='ltr'><strong><em>cum</em></strong></span> <span class='ocrx_word' id='word_1_368' title='bbox 370 2942 478 3002; x_wconf 84' lang='lat' dir='ltr'><strong><em>vellant</em></strong></span> <span class='ocrx_word' id='word_1_369' title='bbox 505 2945 536 3001; x_wconf 92' lang='lat' dir='ltr'><strong><em>iu</em></strong></span> <span class='ocrx_word' id='word_1_370' title='bbox 565 2943 720 3018; x_wconf 88' lang='lat' dir='ltr'><strong><em>principali</em></strong></span> <span class='ocrx_word' id='word_1_371' title='bbox 749 2945 916 3018; x_wconf 88' lang='lat' dir='ltr'><strong><em>pmcodere,</em></strong></span> <span class='ocrx_word' id='word_1_372' title='bbox 972 2943 1681 3021; x_wconf 85' lang='lat' dir='ltr'><strong><em>aquibusviventesecclesiasticaperceperunt</em></strong></span> <span class='ocrx_word' id='word_1_373' title='bbox 1698 2956 1797 3000; x_wconf 87' lang='lat' dir='ltr'><strong><em>sucru-</em></strong></span> 
     </span>
     <span class='ocr_line' id='line_1_32' title="bbox 85 3032 1084 3108; baseline 0.007 -19"><span class='ocrx_word' id='word_1_374' title='bbox 85 3032 917 3108; x_wconf 82' lang='lat' dir='ltr'><strong><em>prianunotuCruoismultiplicesrecusationumcausas</em></strong></span> <span class='ocrx_word' id='word_1_375' title='bbox 973 3043 1084 3097; x_wconf 88' lang='lat' dir='ltr'><strong><em>menta·</em></strong></span> 
     </span>
     <span class='ocr_line' id='line_1_33' title="bbox 83 3092 1796 3200; baseline 0.002 -22"><span class='ocrx_word' id='word_1_376' title='bbox 83 3122 236 3196; x_wconf 88' lang='lat' dir='ltr'><strong><em>opposuit,</em></strong></span> <span class='ocrx_word' id='word_1_377' title='bbox 252 3139 329 3197; x_wconf 92' lang='lat' dir='ltr'><strong><em>quas</em></strong></span> <span class='ocrx_word' id='word_1_378' title='bbox 343 3123 415 3197; x_wconf 92' lang='lat' dir='ltr'><strong><em>quia</em></strong></span> <span class='ocrx_word' id='word_1_379' title='bbox 425 3123 542 3198; x_wconf 77' lang='lat' dir='ltr'><strong><em>judices</em></strong></span> <span class='ocrx_word' id='word_1_380' title='bbox 554 3124 673 3182; x_wconf 87' lang='lat' dir='ltr'><strong><em>irlvclas</em></strong></span> <span class='ocrx_word' id='word_1_381' title='bbox 684 3128 853 3199; x_wconf 87' lang='lat' dir='ltr'><strong><em>reputantes</em></strong></span> <span class='ocrx_word' id='word_1_382' title='bbox 866 3092 952 3183; x_wconf 79' lang='lat' dir='ltr'><strong><em>atil·c</em></strong></span> <span class='ocrx_word' id='word_1_383' title='bbox 1006 3129 1182 3186; x_wconf 85' lang='lat' dir='ltr'><strong><em>iudicarunt</em></strong></span> <span class='ocrx_word' id='word_1_384' title='bbox 1192 3127 1314 3200; x_wconf 91' lang='lat' dir='ltr'><strong><em>iusuper</em></strong></span> <span class='ocrx_word' id='word_1_385' title='bbox 1327 3125 1453 3194; x_wconf 83' lang='lat' dir='ltr'><strong><em>vineam,</em></strong></span> <span class='ocrx_word' id='word_1_386' title='bbox 1469 3140 1556 3199; x_wconf 90' lang='lat' dir='ltr'><strong><em>quam</em></strong></span> <span class='ocrx_word' id='word_1_387' title='bbox 1572 3124 1721 3198; x_wconf 87' lang='lat' dir='ltr'><strong><em>quondam</em></strong></span> <span class='ocrx_word' id='word_1_388' title='bbox 1738 3124 1796 3182; x_wconf 90' lang='lat' dir='ltr'><strong><em>llo·</em></strong></span> 
     </span>
     <span class='ocr_line' id='line_1_34' title="bbox 81 3211 1793 3291; baseline -0.006 -10"><span class='ocrx_word' id='word_1_389' title='bbox 81 3211 204 3270; x_wconf 79' lang='lat' dir='ltr'><strong><em>mittere</em></strong></span> <span class='ocrx_word' id='word_1_390' title='bbox 220 3211 389 3284; x_wconf 76' lang='lat' dir='ltr'><strong><em>uolucrum,</em></strong></span> <span class='ocrx_word' id='word_1_391' title='bbox 406 3214 494 3285; x_wconf 76' lang='lat' dir='ltr'><strong><em>uuor.</em></strong></span> <span class='ocrx_word' id='word_1_392' title='bbox 511 3213 591 3270; x_wconf 82' lang='lat' dir='ltr'><strong><em>omui</em></strong></span> <span class='ocrx_word' id='word_1_393' title='bbox 608 3226 704 3271; x_wconf 77' lang='lat' dir='ltr'><strong><em>causa</em></strong></span> <span class='ocrx_word' id='word_1_394' title='bbox 726 3228 788 3272; x_wconf 83' lang='lat' dir='ltr'><strong><em>aaa</em></strong></span> <span class='ocrx_word' id='word_1_395' title='bbox 812 3214 915 3272; x_wconf 81' lang='lat' dir='ltr'><strong><em>datan·</em></strong></span> <span class='ocrx_word' id='word_1_396' title='bbox 969 3219 1096 3279; x_wconf 74' lang='lat' dir='ltr'><strong><em>minian</em></strong></span> <span class='ocrx_word' id='word_1_397' title='bbox 1109 3218 1254 3276; x_wconf 78' lang='lat' dir='ltr'><strong><em>acroam</em></strong></span> <span class='ocrx_word' id='word_1_398' title='bbox 1269 3218 1298 3275; x_wconf 82' lang='lat' dir='ltr'><strong><em>in</em></strong></span> <span class='ocrx_word' id='word_1_399' title='bbox 1315 3215 1569 3291; x_wconf 72' lang='lat' dir='ltr'><strong><em>praesinenam</em></strong></span> <span class='ocrx_word' id='word_1_400' title='bbox 1593 3215 1717 3272; x_wconf 69' lang='lat' dir='ltr'><strong><em>ccciccc</em></strong></span> <span class='ocrx_word' id='word_1_401' title='bbox 1739 3215 1793 3272; x_wconf 86' lang='lat' dir='ltr'><strong><em>co-</em></strong></span> 
     </span>
     <span class='ocr_line' id='line_1_35' title="bbox 81 3300 1793 3376; baseline 0.001 -18"><span class='ocrx_word' id='word_1_402' title='bbox 81 3300 168 3359; x_wconf 87' lang='lat' dir='ltr'><strong><em>sioua</em></strong></span> <span class='ocrx_word' id='word_1_403' title='bbox 178 3300 325 3375; x_wconf 83' lang='lat' dir='ltr'><strong><em>neglecta,</em></strong></span> <span class='ocrx_word' id='word_1_404' title='bbox 335 3317 368 3360; x_wconf 91' lang='lat' dir='ltr'><strong><em>aa</em></strong></span> <span class='ocrx_word' id='word_1_405' title='bbox 377 3303 593 3360; x_wconf 87' lang='lat' dir='ltr'><strong><em>contumaciter</em></strong></span> <span class='ocrx_word' id='word_1_406' title='bbox 607 3304 790 3364; x_wconf 84' lang='lat' dir='ltr'><strong><em>absentavit:</em></strong></span> <span class='ocrx_word' id='word_1_407' title='bbox 817 3306 867 3363; x_wconf 84' lang='lat' dir='ltr'><strong><em>s&#39;ed</em></strong></span> <span class='ocrx_word' id='word_1_408' title='bbox 887 3308 917 3362; x_wconf 88' lang='lat' dir='ltr'><strong><em>et</em></strong></span> <span class='ocrx_word' id='word_1_409' title='bbox 970 3307 1135 3366; x_wconf 90' lang='lat' dir='ltr'><strong><em>limbriensi</em></strong></span> <span class='ocrx_word' id='word_1_410' title='bbox 1149 3311 1292 3376; x_wconf 88' lang='lat' dir='ltr'><strong><em>tenuerat,</em></strong></span> <span class='ocrx_word' id='word_1_411' title='bbox 1307 3310 1336 3363; x_wconf 89' lang='lat' dir='ltr'><strong><em>et</em></strong></span> <span class='ocrx_word' id='word_1_412' title='bbox 1351 3305 1512 3363; x_wconf 82' lang='lat' dir='ltr'><strong><em>contuierat</em></strong></span> <span class='ocrx_word' id='word_1_413' title='bbox 1526 3303 1705 3361; x_wconf 87' lang='lat' dir='ltr'><strong><em>monasterio</em></strong></span> <span class='ocrx_word' id='word_1_414' title='bbox 1718 3303 1793 3360; x_wconf 83' lang='lat' dir='ltr'><strong><em>San-</em></strong></span> 
     </span>
     <span class='ocr_line' id='line_1_36' title="bbox 83 3391 1792 3470; baseline -0.001 -20"><span class='ocrx_word' id='word_1_415' title='bbox 83 3408 141 3450; x_wconf 86' lang='lat' dir='ltr'><strong><em>uus</em></strong></span> <span class='ocrx_word' id='word_1_416' title='bbox 155 3393 358 3452; x_wconf 83' lang='lat' dir='ltr'><strong><em>recusationes</em></strong></span> <span class='ocrx_word' id='word_1_417' title='bbox 372 3395 528 3468; x_wconf 86' lang='lat' dir='ltr'><strong><em>praedictas</em></strong></span> <span class='ocrx_word' id='word_1_418' title='bbox 543 3411 577 3452; x_wconf 90' lang='lat' dir='ltr'><strong><em>ea</em></strong></span> <span class='ocrx_word' id='word_1_419' title='bbox 592 3395 782 3469; x_wconf 90' lang='lat' dir='ltr'><strong><em>postmodum</em></strong></span> <span class='ocrx_word' id='word_1_420' title='bbox 804 3396 917 3454; x_wconf 89' lang='lat' dir='ltr'><strong><em>ratione</em></strong></span> <span class='ocrx_word' id='word_1_421' title='bbox 971 3404 1023 3456; x_wconf 84' lang='lat' dir='ltr'><strong><em>ctu</em></strong></span> <span class='ocrx_word' id='word_1_422' title='bbox 1038 3397 1150 3466; x_wconf 89' lang='lat' dir='ltr'><strong><em>crucis,</em></strong></span> <span class='ocrx_word' id='word_1_423' title='bbox 1167 3398 1202 3453; x_wconf 89' lang='lat' dir='ltr'><strong><em>ad</em></strong></span> <span class='ocrx_word' id='word_1_424' title='bbox 1215 3397 1267 3470; x_wconf 87' lang='lat' dir='ltr'><strong><em>jus</em></strong></span> <span class='ocrx_word' id='word_1_425' title='bbox 1279 3394 1498 3453; x_wconf 79' lang='lat' dir='ltr'><strong><em>colimbriensis</em></strong></span> <span class='ocrx_word' id='word_1_426' title='bbox 1509 3392 1636 3452; x_wconf 83' lang='lat' dir='ltr'><strong><em>ecclesia</em></strong></span> <span class='ocrx_word' id='word_1_427' title='bbox 1652 3391 1792 3463; x_wconf 86' lang='lat' dir='ltr'><strong><em>revocari,</em></strong></span> 
     </span>
     <span class='ocr_line' id='line_1_37' title="bbox 83 3481 1798 3563; baseline 0.001 -25"><span class='ocrx_word' id='word_1_428' title='bbox 83 3481 235 3539; x_wconf 80' lang='lat' dir='ltr'><strong><em>invalidas</em></strong></span> <span class='ocrx_word' id='word_1_429' title='bbox 264 3483 476 3557; x_wconf 85' lang='lat' dir='ltr'><strong><em>reputavimus,</em></strong></span> <span class='ocrx_word' id='word_1_430' title='bbox 504 3485 581 3557; x_wconf 83' lang='lat' dir='ltr'><strong><em>quod</em></strong></span> <span class='ocrx_word' id='word_1_431' title='bbox 610 3486 796 3542; x_wconf 86' lang='lat' dir='ltr'><strong><em>coutumacia</em></strong></span> <span class='ocrx_word' id='word_1_432' title='bbox 824 3486 917 3559; x_wconf 90' lang='lat' dir='ltr'><strong><em>partis</em></strong></span> <span class='ocrx_word' id='word_1_433' title='bbox 971 3483 1554 3563; x_wconf 86' lang='lat' dir='ltr'><strong><em>ipsumqueGolimhriensemecclesiam</em></strong></span> <span class='ocrx_word' id='word_1_434' title='bbox 1571 3482 1798 3556; x_wconf 79' lang='lat' dir='ltr'><strong><em>adjusproces·</em></strong></span> 
     </span>
     <span class='ocr_line' id='line_1_38' title="bbox 83 3571 1798 3648; baseline 0.001 -19"><span class='ocrx_word' id='word_1_435' title='bbox 83 3573 200 3629; x_wconf 69' lang='lat' dir='ltr'><strong><em>&amp;acts</em></strong></span> <span class='ocrx_word' id='word_1_436' title='bbox 210 3571 314 3629; x_wconf 86' lang='lat' dir='ltr'><strong><em>crucis</em></strong></span> <span class='ocrx_word' id='word_1_437' title='bbox 326 3586 385 3629; x_wconf 91' lang='lat' dir='ltr'><strong><em>nou</em></strong></span> <span class='ocrx_word' id='word_1_438' title='bbox 403 3572 458 3630; x_wconf 89' lang='lat' dir='ltr'><strong><em>icit</em></strong></span> <span class='ocrx_word' id='word_1_439' title='bbox 468 3573 615 3631; x_wconf 89' lang='lat' dir='ltr'><strong><em>diminuta</em></strong></span> <span class='ocrx_word' id='word_1_440' title='bbox 625 3574 676 3632; x_wconf 89' lang='lat' dir='ltr'><strong><em>ssd</em></strong></span> <span class='ocrx_word' id='word_1_441' title='bbox 688 3575 918 3648; x_wconf 63' lang='lat' dir='ltr'><strong><em>sociauimus</em></strong></span> <span class='ocrx_word' id='word_1_442' title='bbox 971 3578 1062 3636; x_wconf 91' lang='lat' dir='ltr'><strong><em>sionis</em></strong></span> <span class='ocrx_word' id='word_1_443' title='bbox 1077 3575 1203 3647; x_wconf 88' lang='lat' dir='ltr'><strong><em>restitui,</em></strong></span> <span class='ocrx_word' id='word_1_444' title='bbox 1218 3576 1253 3632; x_wconf 89' lang='lat' dir='ltr'><strong><em>ad</em></strong></span> <span class='ocrx_word' id='word_1_445' title='bbox 1270 3590 1372 3648; x_wconf 89' lang='lat' dir='ltr'><strong><em>quam,</em></strong></span> <span class='ocrx_word' id='word_1_446' title='bbox 1388 3575 1466 3632; x_wconf 91' lang='lat' dir='ltr'><strong><em>sicut</em></strong></span> <span class='ocrx_word' id='word_1_447' title='bbox 1481 3574 1575 3631; x_wconf 87' lang='lat' dir='ltr'><strong><em>tuerat</em></strong></span> <span class='ocrx_word' id='word_1_448' title='bbox 1584 3571 1709 3630; x_wconf 89' lang='lat' dir='ltr'><strong><em>testibus</em></strong></span> <span class='ocrx_word' id='word_1_449' title='bbox 1720 3586 1798 3630; x_wconf 80' lang='lat' dir='ltr'><strong><em>cona·</em></strong></span> 
     </span>
     <span class='ocr_line' id='line_1_39' title="bbox 83 3660 1801 3743; baseline 0.001 -24"><span class='ocrx_word' id='word_1_450' title='bbox 83 3676 150 3734; x_wconf 76' lang='lat' dir='ltr'><strong><em>erpo</em></strong></span> <span class='ocrx_word' id='word_1_451' title='bbox 163 3660 255 3734; x_wconf 68' lang='lat' dir='ltr'><strong><em>(ml),</em></strong></span> <span class='ocrx_word' id='word_1_452' title='bbox 270 3662 451 3719; x_wconf 80' lang='lat' dir='ltr'><strong><em>sufficienter</em></strong></span> <span class='ocrx_word' id='word_1_453' title='bbox 465 3667 563 3720; x_wconf 90' lang='lat' dir='ltr'><strong><em>actum</em></strong></span> <span class='ocrx_word' id='word_1_454' title='bbox 578 3678 643 3721; x_wconf 89' lang='lat' dir='ltr'><strong><em>esan</em></strong></span> <span class='ocrx_word' id='word_1_455' title='bbox 671 3665 707 3721; x_wconf 90' lang='lat' dir='ltr'><strong><em>de</em></strong></span> <span class='ocrx_word' id='word_1_456' title='bbox 733 3680 824 3722; x_wconf 90' lang='lat' dir='ltr'><strong><em>causa</em></strong></span> <span class='ocrx_word' id='word_1_457' title='bbox 852 3681 916 3722; x_wconf 91' lang='lat' dir='ltr'><strong><em>cre·</em></strong></span> <span class='ocrx_word' id='word_1_458' title='bbox 973 3669 1139 3743; x_wconf 88' lang='lat' dir='ltr'><strong><em>probatum,</em></strong></span> <span class='ocrx_word' id='word_1_459' title='bbox 1151 3665 1279 3739; x_wconf 83' lang='lat' dir='ltr'><strong><em>singulis</em></strong></span> <span class='ocrx_word' id='word_1_460' title='bbox 1295 3664 1399 3723; x_wconf 89' lang='lat' dir='ltr'><strong><em>diebus</em></strong></span> <span class='ocrx_word' id='word_1_461' title='bbox 1415 3664 1577 3723; x_wconf 88' lang='lat' dir='ltr'><strong><em>Dominicis</em></strong></span> <span class='ocrx_word' id='word_1_462' title='bbox 1592 3661 1635 3721; x_wconf 89' lang='lat' dir='ltr'><strong><em>ire</em></strong></span> <span class='ocrx_word' id='word_1_463' title='bbox 1645 3676 1801 3722; x_wconf 85' lang='lat' dir='ltr'><strong><em>consueve-</em></strong></span> 
     </span>
     <span class='ocr_line' id='line_1_40' title="bbox 84 3752 1799 3828; baseline 0.002 -21"><span class='ocrx_word' id='word_1_464' title='bbox 84 3752 205 3819; x_wconf 90' lang='lat' dir='ltr'><strong><em>dsutas,</em></strong></span> <span class='ocrx_word' id='word_1_465' title='bbox 216 3753 444 3810; x_wconf 78' lang='lat' dir='ltr'><strong><em>attestmiombus</em></strong></span> <span class='ocrx_word' id='word_1_466' title='bbox 458 3756 653 3811; x_wconf 79' lang='lat' dir='ltr'><strong><em>atrotioribus</em></strong></span> <span class='ocrx_word' id='word_1_467' title='bbox 667 3755 814 3827; x_wconf 88' lang='lat' dir='ltr'><strong><em>utriusque</em></strong></span> <span class='ocrx_word' id='word_1_468' title='bbox 826 3756 918 3828; x_wconf 87' lang='lat' dir='ltr'><strong><em>partis</em></strong></span> <span class='ocrx_word' id='word_1_469' title='bbox 972 3764 1036 3815; x_wconf 90' lang='lat' dir='ltr'><strong><em>rant</em></strong></span> <span class='ocrx_word' id='word_1_470' title='bbox 1052 3755 1185 3814; x_wconf 92' lang='lat' dir='ltr'><strong><em>canonici</em></strong></span> <span class='ocrx_word' id='word_1_471' title='bbox 1200 3756 1313 3813; x_wconf 84' lang='lat' dir='ltr'><strong><em>Sancta</em></strong></span> <span class='ocrx_word' id='word_1_472' title='bbox 1328 3756 1447 3825; x_wconf 84' lang='lat' dir='ltr'><strong><em>crucis;</em></strong></span> <span class='ocrx_word' id='word_1_473' title='bbox 1477 3753 1614 3812; x_wconf 89' lang='lat' dir='ltr'><strong><em>similiter</em></strong></span> <span class='ocrx_word' id='word_1_474' title='bbox 1640 3754 1799 3811; x_wconf 89' lang='lat' dir='ltr'><strong><em>decernen-</em></strong></span> 
     </span>
     <span class='ocr_line' id='line_1_41' title="bbox 84 3840 1798 3920; baseline 0.001 -24"><span class='ocrx_word' id='word_1_475' title='bbox 84 3841 239 3911; x_wconf 80' lang='lat' dir='ltr'><strong><em>diliqsnter</em></strong></span> <span class='ocrx_word' id='word_1_476' title='bbox 252 3841 391 3914; x_wconf 86' lang='lat' dir='ltr'><strong><em>inspectis,</em></strong></span> <span class='ocrx_word' id='word_1_477' title='bbox 408 3844 621 3900; x_wconf 89' lang='lat' dir='ltr'><strong><em>monasterium</em></strong></span> <span class='ocrx_word' id='word_1_478' title='bbox 636 3844 747 3900; x_wconf 82' lang='lat' dir='ltr'><strong><em>Sancta</em></strong></span> <span class='ocrx_word' id='word_1_479' title='bbox 760 3844 861 3901; x_wconf 88' lang='lat' dir='ltr'><strong><em>crucis</em></strong></span> <span class='ocrx_word' id='word_1_480' title='bbox 886 3845 916 3902; x_wconf 92' lang='lat' dir='ltr'><strong><em>in</em></strong></span> <span class='ocrx_word' id='word_1_481' title='bbox 971 3850 1027 3916; x_wconf 87' lang='lat' dir='ltr'><strong><em>tes,</em></strong></span> <span class='ocrx_word' id='word_1_482' title='bbox 1043 3851 1076 3903; x_wconf 86' lang='lat' dir='ltr'><strong><em>ut</em></strong></span> <span class='ocrx_word' id='word_1_483' title='bbox 1092 3860 1144 3920; x_wconf 87' lang='lat' dir='ltr'><strong><em>pro</em></strong></span> <span class='ocrx_word' id='word_1_484' title='bbox 1159 3842 1298 3902; x_wconf 91' lang='lat' dir='ltr'><strong><em>domibus</em></strong></span> <span class='ocrx_word' id='word_1_485' title='bbox 1318 3844 1406 3901; x_wconf 79' lang='lat' dir='ltr'><strong><em>Portu</em></strong></span> <span class='ocrx_word' id='word_1_486' title='bbox 1431 3859 1522 3915; x_wconf 85' lang='lat' dir='ltr'><strong><em>auva,</em></strong></span> <span class='ocrx_word' id='word_1_487' title='bbox 1539 3843 1569 3899; x_wconf 92' lang='lat' dir='ltr'><strong><em>in</em></strong></span> <span class='ocrx_word' id='word_1_488' title='bbox 1593 3843 1703 3915; x_wconf 91' lang='lat' dir='ltr'><strong><em>quibus</em></strong></span> <span class='ocrx_word' id='word_1_489' title='bbox 1727 3840 1798 3899; x_wconf 92' lang='lat' dir='ltr'><strong><em>olim</em></strong></span> 
     </span>
     <span class='ocr_line' id='line_1_42' title="bbox 84 3928 1800 4011; baseline 0 -25"><span class='ocrx_word' id='word_1_490' title='bbox 84 3929 238 4003; x_wconf 78' lang='lat' dir='ltr'><strong><em>expensis,</em></strong></span> <span class='ocrx_word' id='word_1_491' title='bbox 254 3945 328 4002; x_wconf 91' lang='lat' dir='ltr'><strong><em>quaa</em></strong></span> <span class='ocrx_word' id='word_1_492' title='bbox 345 3946 398 4004; x_wconf 88' lang='lat' dir='ltr'><strong><em>par</em></strong></span> <span class='ocrx_word' id='word_1_493' title='bbox 412 3931 643 4005; x_wconf 86' lang='lat' dir='ltr'><strong><em>quadriennium</em></strong></span> <span class='ocrx_word' id='word_1_494' title='bbox 659 3933 812 3991; x_wconf 88' lang='lat' dir='ltr'><strong><em>occasionn</em></strong></span> <span class='ocrx_word' id='word_1_495' title='bbox 826 3932 917 4005; x_wconf 80' lang='lat' dir='ltr'><strong><em>hujus</em></strong></span> <span class='ocrx_word' id='word_1_496' title='bbox 971 3932 1139 4011; x_wconf 82' lang='lat' dir='ltr'><strong><em>parochiale</em></strong></span> <span class='ocrx_word' id='word_1_497' title='bbox 1147 3929 1333 4006; x_wconf 77' lang='lat' dir='ltr'><strong><em>juslicclasia</em></strong></span> <span class='ocrx_word' id='word_1_498' title='bbox 1345 3930 1567 3990; x_wconf 86' lang='lat' dir='ltr'><strong><em>Gollmbricusis</em></strong></span> <span class='ocrx_word' id='word_1_499' title='bbox 1582 3928 1719 4002; x_wconf 87' lang='lat' dir='ltr'><strong><em>habebat,</em></strong></span> <span class='ocrx_word' id='word_1_500' title='bbox 1735 3944 1800 3987; x_wconf 92' lang='lat' dir='ltr'><strong><em>mn·</em></strong></span> 
     </span>
     <span class='ocr_line' id='line_1_43' title="bbox 83 4016 1797 4096; baseline 0.002 -23"><span class='ocrx_word' id='word_1_501' title='bbox 83 4017 198 4091; x_wconf 76' lang='lat' dir='ltr'><strong><em>negotii</em></strong></span> <span class='ocrx_word' id='word_1_502' title='bbox 210 4019 367 4090; x_wconf 71' lang='lat' dir='ltr'><strong><em>juraveras</em></strong></span> <span class='ocrx_word' id='word_1_503' title='bbox 389 4024 418 4076; x_wconf 91' lang='lat' dir='ltr'><strong><em>ta</em></strong></span> <span class='ocrx_word' id='word_1_504' title='bbox 432 4021 549 4089; x_wconf 87' lang='lat' dir='ltr'><strong><em>iecisse,</em></strong></span> <span class='ocrx_word' id='word_1_505' title='bbox 564 4025 591 4078; x_wconf 89' lang='lat' dir='ltr'><strong><em>et</em></strong></span> <span class='ocrx_word' id='word_1_506' title='bbox 619 4036 683 4095; x_wconf 75' lang='lat' dir='ltr'><strong><em>quse</em></strong></span> <span class='ocrx_word' id='word_1_507' title='bbox 711 4024 918 4096; x_wconf 68' lang='lat' dir='ltr'><strong><em>quinquaqinta</em></strong></span> <span class='ocrx_word' id='word_1_508' title='bbox 972 4022 1131 4084; x_wconf 84' lang='lat' dir='ltr'><strong><em>nestorium</em></strong></span> <span class='ocrx_word' id='word_1_509' title='bbox 1141 4026 1252 4080; x_wconf 73' lang='lat' dir='ltr'><strong><em>sanctas</em></strong></span> <span class='ocrx_word' id='word_1_510' title='bbox 1264 4020 1365 4080; x_wconf 86' lang='lat' dir='ltr'><strong><em>Crucis</em></strong></span> <span class='ocrx_word' id='word_1_511' title='bbox 1380 4016 1649 4094; x_wconf 81' lang='lat' dir='ltr'><strong><em>tantumdemjuris</em></strong></span> <span class='ocrx_word' id='word_1_512' title='bbox 1660 4017 1724 4077; x_wconf 89' lang='lat' dir='ltr'><strong><em>loco</em></strong></span> <span class='ocrx_word' id='word_1_513' title='bbox 1735 4018 1797 4077; x_wconf 72' lang='lat' dir='ltr'><strong><em>‘aliu</em></strong></span> 
     </span>
     <span class='ocr_line' id='line_1_44' title="bbox 83 4106 1798 4188; baseline 0.003 -25"><span class='ocrx_word' id='word_1_514' title='bbox 83 4122 249 4164; x_wconf 79' lang='lat' dir='ltr'><strong><em>marearum</em></strong></span> <span class='ocrx_word' id='word_1_515' title='bbox 263 4110 328 4165; x_wconf 88' lang='lat' dir='ltr'><strong><em>nuri</em></strong></span> <span class='ocrx_word' id='word_1_516' title='bbox 335 4124 470 4167; x_wconf 86' lang='lat' dir='ltr'><strong><em>summam</em></strong></span> <span class='ocrx_word' id='word_1_517' title='bbox 482 4111 638 4184; x_wconf 70' lang='lat' dir='ltr'><strong><em>attineant,</em></strong></span> <span class='ocrx_word' id='word_1_518' title='bbox 650 4110 744 4185; x_wconf 42' lang='lat' dir='ltr'><strong><em>titi-de</em></strong></span> <span class='ocrx_word' id='word_1_519' title='bbox 751 4113 917 4185; x_wconf 83' lang='lat' dir='ltr'><strong><em>prudentum</em></strong></span> <span class='ocrx_word' id='word_1_520' title='bbox 971 4112 1158 4188; x_wconf 84' lang='lat' dir='ltr'><strong><em>competenti,</em></strong></span> <span class='ocrx_word' id='word_1_521' title='bbox 1175 4111 1357 4186; x_wconf 90' lang='lat' dir='ltr'><strong><em>quantumin</em></strong></span> <span class='ocrx_word' id='word_1_522' title='bbox 1370 4111 1516 4185; x_wconf 73' lang='lat' dir='ltr'><strong><em>praedictis</em></strong></span> <span class='ocrx_word' id='word_1_523' title='bbox 1527 4110 1664 4168; x_wconf 90' lang='lat' dir='ltr'><strong><em>domibus</em></strong></span> <span class='ocrx_word' id='word_1_524' title='bbox 1674 4106 1798 4168; x_wconf 89' lang='lat' dir='ltr'><strong><em>ecclesia</em></strong></span> 
     </span>
     <span class='ocr_line' id='line_1_45' title="bbox 85 4197 1796 4274; baseline 0.003 -22"><span class='ocrx_word' id='word_1_525' title='bbox 85 4198 215 4253; x_wconf 84' lang='lat' dir='ltr'><strong><em>uirorum</em></strong></span> <span class='ocrx_word' id='word_1_526' title='bbox 227 4197 851 4274; x_wconf 64' lang='lat' dir='ltr'><strong><em>consilioccrrdemnnrunttclbtlnfirmantes</em></strong></span> <span class='ocrx_word' id='word_1_527' title='bbox 862 4218 917 4258; x_wconf 91' lang='lat' dir='ltr'><strong><em>sun</em></strong></span> <span class='ocrx_word' id='word_1_528' title='bbox 971 4200 1192 4263; x_wconf 85' lang='lat' dir='ltr'><strong><em>colimbriensis</em></strong></span> <span class='ocrx_word' id='word_1_529' title='bbox 1207 4201 1357 4270; x_wconf 87' lang='lat' dir='ltr'><strong><em>amiserat,</em></strong></span> <span class='ocrx_word' id='word_1_530' title='bbox 1373 4203 1584 4274; x_wconf 87' lang='lat' dir='ltr'><strong><em>recompenset.</em></strong></span> <span class='ocrx_word' id='word_1_531' title='bbox 1605 4201 1725 4266; x_wconf 84' lang='lat' dir='ltr'><strong><em>Varum,</em></strong></span> <span class='ocrx_word' id='word_1_532' title='bbox 1749 4212 1796 4257; x_wconf 86' lang='lat' dir='ltr'><strong><em>eo·</em></strong></span> 
     </span>
     <span class='ocr_line' id='line_1_46' title="bbox 86 4284 1796 4365; baseline 0 -22"><span class='ocrx_word' id='word_1_533' title='bbox 86 4286 916 4364; x_wconf 81' lang='lat' dir='ltr'><strong><em>sententialihertatsm,quampradictuanlimhriensls</em></strong></span> <span class='ocrx_word' id='word_1_534' title='bbox 971 4294 1091 4352; x_wconf 86' lang='lat' dir='ltr'><strong><em>alesiam</em></strong></span> <span class='ocrx_word' id='word_1_535' title='bbox 1107 4292 1143 4351; x_wconf 91' lang='lat' dir='ltr'><strong><em>de</em></strong></span> <span class='ocrx_word' id='word_1_536' title='bbox 1164 4290 1293 4364; x_wconf 81' lang='lat' dir='ltr'><strong><em>uulajos,</em></strong></span> <span class='ocrx_word' id='word_1_537' title='bbox 1323 4306 1411 4365; x_wconf 90' lang='lat' dir='ltr'><strong><em>quam</em></strong></span> <span class='ocrx_word' id='word_1_538' title='bbox 1441 4290 1596 4363; x_wconf 82' lang='lat' dir='ltr'><strong><em>predictus</em></strong></span> <span class='ocrx_word' id='word_1_539' title='bbox 1621 4290 1658 4344; x_wconf 82' lang='lat' dir='ltr'><strong><em>lt.</em></strong></span> <span class='ocrx_word' id='word_1_540' title='bbox 1689 4284 1796 4346; x_wconf 84' lang='lat' dir='ltr'><strong><em>Colim-</em></strong></span> 
     </span>
     <span class='ocr_line' id='line_1_47' title="bbox 86 4376 1794 4455; baseline -0.001 -21"><span class='ocrx_word' id='word_1_541' title='bbox 86 4376 399 4451; x_wconf 88' lang='lat' dir='ltr'><strong><em>spisenpusineacrme</em></strong></span> <span class='ocrx_word' id='word_1_542' title='bbox 409 4381 607 4438; x_wconf 88' lang='lat' dir='ltr'><strong><em>detrimentum</em></strong></span> <span class='ocrx_word' id='word_1_543' title='bbox 620 4380 916 4440; x_wconf 84' lang='lat' dir='ltr'><strong><em>colimbriensisccole·</em></strong></span> <span class='ocrx_word' id='word_1_544' title='bbox 971 4381 1307 4455; x_wconf 86' lang='lat' dir='ltr'><strong><em>briensiscpiscopus‚dn</em></strong></span> <span class='ocrx_word' id='word_1_545' title='bbox 1320 4379 1526 4436; x_wconf 86' lang='lat' dir='ltr'><strong><em>canonicorum</em></strong></span> <span class='ocrx_word' id='word_1_546' title='bbox 1538 4393 1659 4435; x_wconf 90' lang='lat' dir='ltr'><strong><em>suorum</em></strong></span> <span class='ocrx_word' id='word_1_547' title='bbox 1670 4392 1794 4434; x_wconf 88' lang='lat' dir='ltr'><strong><em>assensu</em></strong></span> 
     </span>
     <span class='ocr_line' id='line_1_48' title="bbox 87 4464 1795 4548; baseline 0.002 -26"><span class='ocrx_word' id='word_1_548' title='bbox 87 4469 136 4523; x_wconf 72' lang='lat' dir='ltr'><strong><em>sie</em></strong></span> <span class='ocrx_word' id='word_1_549' title='bbox 147 4468 236 4537; x_wconf 74' lang='lat'><strong><em>(2⁴6),</em></strong></span> <span class='ocrx_word' id='word_1_550' title='bbox 248 4468 412 4528; x_wconf 88' lang='lat' dir='ltr'><strong><em>contulerat</em></strong></span> <span class='ocrx_word' id='word_1_551' title='bbox 425 4471 604 4528; x_wconf 88' lang='lat' dir='ltr'><strong><em>monasterio</em></strong></span> <span class='ocrx_word' id='word_1_552' title='bbox 614 4473 726 4529; x_wconf 82' lang='lat' dir='ltr'><strong><em>Sancta</em></strong></span> <span class='ocrx_word' id='word_1_553' title='bbox 737 4472 847 4544; x_wconf 90' lang='lat' dir='ltr'><strong><em>crucis,</em></strong></span> <span class='ocrx_word' id='word_1_554' title='bbox 870 4490 917 4530; x_wconf 87' lang='lat' dir='ltr'><strong><em>ca·</em></strong></span> <span class='ocrx_word' id='word_1_555' title='bbox 933 4478 955 4548; x_wconf 67' lang='grc' dir='ltr'><strong><em>Ι)</em></strong></span> <span class='ocrx_word' id='word_1_556' title='bbox 971 4476 1157 4532; x_wconf 85' lang='lat' dir='ltr'><strong><em>concesserat</em></strong></span> <span class='ocrx_word' id='word_1_557' title='bbox 1172 4469 1350 4527; x_wconf 87' lang='lat' dir='ltr'><strong><em>monasterio</em></strong></span> <span class='ocrx_word' id='word_1_558' title='bbox 1365 4468 1477 4526; x_wconf 85' lang='lat' dir='ltr'><strong><em>Sancta</em></strong></span> <span class='ocrx_word' id='word_1_559' title='bbox 1493 4466 1605 4538; x_wconf 82' lang='lat' dir='ltr'><strong><em>Crucis,</em></strong></span> <span class='ocrx_word' id='word_1_560' title='bbox 1617 4464 1795 4525; x_wconf 89' lang='lat' dir='ltr'><strong><em>monasterio</em></strong></span> 
     </span>
     <span class='ocr_line' id='line_1_49' title="bbox 90 4552 1793 4638; baseline -0.001 -26"><span class='ocrx_word' id='word_1_561' title='bbox 90 4557 265 4614; x_wconf 86' lang='lat' dir='ltr'><strong><em>canicorum</em></strong></span> <span class='ocrx_word' id='word_1_562' title='bbox 277 4572 401 4617; x_wconf 86' lang='lat' dir='ltr'><strong><em>assensu</em></strong></span> <span class='ocrx_word' id='word_1_563' title='bbox 414 4576 466 4635; x_wconf 85' lang='lat' dir='ltr'><strong><em>par</em></strong></span> <span class='ocrx_word' id='word_1_564' title='bbox 476 4576 638 4633; x_wconf 81' lang='lat' dir='ltr'><strong><em>precarnem</em></strong></span> <span class='ocrx_word' id='word_1_565' title='bbox 650 4561 790 4636; x_wconf 84' lang='lat' dir='ltr'><strong><em>episcopi,</em></strong></span> <span class='ocrx_word' id='word_1_566' title='bbox 805 4567 834 4619; x_wconf 91' lang='lat' dir='ltr'><strong><em>at</em></strong></span> <span class='ocrx_word' id='word_1_567' title='bbox 849 4576 915 4636; x_wconf 87' lang='lat' dir='ltr'><strong><em>pnr-</em></strong></span> <span class='ocrx_word' id='word_1_568' title='bbox 970 4564 1027 4638; x_wconf 88' lang='lat' dir='ltr'><strong><em>ipsi</em></strong></span> <span class='ocrx_word' id='word_1_569' title='bbox 1044 4561 1213 4634; x_wconf 77' lang='lat' dir='ltr'><strong><em>adiudicare</em></strong></span> <span class='ocrx_word' id='word_1_570' title='bbox 1228 4565 1376 4616; x_wconf 88' lang='lat' dir='ltr'><strong><em>curarunt.</em></strong></span> <span class='ocrx_word' id='word_1_571' title='bbox 1394 4562 1510 4615; x_wconf 85' lang='lat' dir='ltr'><strong><em>Partem</em></strong></span> <span class='ocrx_word' id='word_1_572' title='bbox 1537 4555 1573 4614; x_wconf 88' lang='lat' dir='ltr'><strong><em>de</em></strong></span> <span class='ocrx_word' id='word_1_573' title='bbox 1597 4556 1690 4613; x_wconf 86' lang='lat' dir='ltr'><strong><em>Paveo</em></strong></span> <span class='ocrx_word' id='word_1_574' title='bbox 1715 4552 1793 4625; x_wconf 87' lang='lat' dir='ltr'><strong><em>viiia,</em></strong></span> 
     </span>
     <span class='ocr_line' id='line_1_50' title="bbox 89 4640 1793 4726; baseline 0 -24"><span class='ocrx_word' id='word_1_575' title='bbox 89 4647 199 4704; x_wconf 83' lang='lat' dir='ltr'><strong><em>tarium</em></strong></span> <span class='ocrx_word' id='word_1_576' title='bbox 208 4649 297 4721; x_wconf 77' lang='lat' dir='ltr'><strong><em>regis,</em></strong></span> <span class='ocrx_word' id='word_1_577' title='bbox 309 4652 431 4710; x_wconf 81' lang='lat' dir='ltr'><strong><em>extorto.</em></strong></span> <span class='ocrx_word' id='word_1_578' title='bbox 442 4654 595 4724; x_wconf 72' lang='lat' dir='ltr'><strong><em>Praeterea,</em></strong></span> <span class='ocrx_word' id='word_1_579' title='bbox 606 4652 676 4725; x_wconf 90' lang='lat' dir='ltr'><strong><em>quia</em></strong></span> <span class='ocrx_word' id='word_1_580' title='bbox 687 4650 763 4708; x_wconf 85' lang='lat' dir='ltr'><strong><em>idem</em></strong></span> <span class='ocrx_word' id='word_1_581' title='bbox 777 4648 813 4708; x_wconf 82' lang='lat' dir='ltr'><strong><em>u.</em></strong></span> <span class='ocrx_word' id='word_1_582' title='bbox 829 4652 915 4726; x_wconf 73' lang='lat' dir='ltr'><strong><em>(att).</em></strong></span> <span class='ocrx_word' id='word_1_583' title='bbox 970 4655 1039 4711; x_wconf 88' lang='lat' dir='ltr'><strong><em>licet</em></strong></span> <span class='ocrx_word' id='word_1_584' title='bbox 1054 4650 1172 4710; x_wconf 89' lang='lat' dir='ltr'><strong><em>numine</em></strong></span> <span class='ocrx_word' id='word_1_585' title='bbox 1187 4648 1406 4707; x_wconf 78' lang='lat' dir='ltr'><strong><em>colimbriensis</em></strong></span> <span class='ocrx_word' id='word_1_586' title='bbox 1431 4646 1556 4704; x_wconf 81' lang='lat' dir='ltr'><strong><em>ecclesiae</em></strong></span> <span class='ocrx_word' id='word_1_587' title='bbox 1572 4646 1607 4703; x_wconf 87' lang='lat' dir='ltr'><strong><em>dn</em></strong></span> <span class='ocrx_word' id='word_1_588' title='bbox 1618 4644 1742 4720; x_wconf 88' lang='lat' dir='ltr'><strong><em>pecunia</em></strong></span> <span class='ocrx_word' id='word_1_589' title='bbox 1756 4640 1793 4703; x_wconf 84' lang='lat' dir='ltr'><strong><em>u.</em></strong></span> 
     </span>
     <span class='ocr_line' id='line_1_51' title="bbox 91 4734 1794 4817; baseline -0.001 -24"><span class='ocrx_word' id='word_1_590' title='bbox 91 4738 185 4795; x_wconf 89' lang='lat' dir='ltr'><strong><em>tuerat</em></strong></span> <span class='ocrx_word' id='word_1_591' title='bbox 197 4738 359 4797; x_wconf 89' lang='lat' dir='ltr'><strong><em>canonicus</em></strong></span> <span class='ocrx_word' id='word_1_592' title='bbox 370 4740 522 4815; x_wconf 79' lang='lat' dir='ltr'><strong><em>regularis.</em></strong></span> <span class='ocrx_word' id='word_1_593' title='bbox 538 4746 567 4799; x_wconf 90' lang='lat' dir='ltr'><strong><em>et</em></strong></span> <span class='ocrx_word' id='word_1_594' title='bbox 578 4742 636 4800; x_wconf 90' lang='lat' dir='ltr'><strong><em>duo</em></strong></span> <span class='ocrx_word' id='word_1_595' title='bbox 647 4740 741 4799; x_wconf 92' lang='lat' dir='ltr'><strong><em>millis</em></strong></span> <span class='ocrx_word' id='word_1_596' title='bbox 753 4740 915 4799; x_wconf 88' lang='lat' dir='ltr'><strong><em>marabuti·</em></strong></span> <span class='ocrx_word' id='word_1_597' title='bbox 972 4742 1120 4817; x_wconf 89' lang='lat' dir='ltr'><strong><em>quondum</em></strong></span> <span class='ocrx_word' id='word_1_598' title='bbox 1132 4736 1348 4814; x_wconf 88' lang='lat' dir='ltr'><strong><em>priorisipsius,</em></strong></span> <span class='ocrx_word' id='word_1_599' title='bbox 1360 4734 1794 4812; x_wconf 87' lang='lat' dir='ltr'><strong><em>emptnlunrit,etpnstmodum</em></strong></span> 
     </span>
     <span class='ocr_line' id='line_1_52' title="bbox 89 4826 1794 4904; baseline -0.001 -22"><span class='ocrx_word' id='word_1_600' title='bbox 89 4840 208 4894; x_wconf 88' lang='lat' dir='ltr'><strong><em>nurum,</em></strong></span> <span class='ocrx_word' id='word_1_601' title='bbox 222 4843 288 4901; x_wconf 82' lang='lat' dir='ltr'><strong><em>quas</em></strong></span> <span class='ocrx_word' id='word_1_602' title='bbox 304 4828 490 4902; x_wconf 83' lang='lat' dir='ltr'><strong><em>acquisierat,</em></strong></span> <span class='ocrx_word' id='word_1_603' title='bbox 504 4829 534 4886; x_wconf 92' lang='lat' dir='ltr'><strong><em>iu</em></strong></span> <span class='ocrx_word' id='word_1_604' title='bbox 546 4829 715 4904; x_wconf 87' lang='lat' dir='ltr'><strong><em>episcopum</em></strong></span> <span class='ocrx_word' id='word_1_605' title='bbox 724 4831 785 4902; x_wconf 88' lang='lat' dir='ltr'><strong><em>jam</em></strong></span> <span class='ocrx_word' id='word_1_606' title='bbox 797 4846 916 4902; x_wconf 89' lang='lat' dir='ltr'><strong><em>promn-</em></strong></span> <span class='ocrx_word' id='word_1_607' title='bbox 971 4830 1065 4890; x_wconf 89' lang='lat' dir='ltr'><strong><em>eidem</em></strong></span> <span class='ocrx_word' id='word_1_608' title='bbox 1076 4831 1251 4887; x_wconf 87' lang='lat' dir='ltr'><strong><em>testamento</em></strong></span> <span class='ocrx_word' id='word_1_609' title='bbox 1260 4827 1370 4899; x_wconf 87' lang='lat' dir='ltr'><strong><em>relicta,</em></strong></span> <span class='ocrx_word' id='word_1_610' title='bbox 1381 4827 1487 4901; x_wconf 84' lang='lat' dir='ltr'><strong><em>quintu</em></strong></span> <span class='ocrx_word' id='word_1_611' title='bbox 1499 4832 1607 4895; x_wconf 88' lang='lat' dir='ltr'><strong><em>tamon,</em></strong></span> <span class='ocrx_word' id='word_1_612' title='bbox 1620 4842 1688 4883; x_wconf 89' lang='lat' dir='ltr'><strong><em>cum</em></strong></span> <span class='ocrx_word' id='word_1_613' title='bbox 1699 4826 1794 4900; x_wconf 87' lang='lat' dir='ltr'><strong><em>ipsam</em></strong></span> 
     </span>
     <span class='ocr_line' id='line_1_53' title="bbox 89 4914 1796 4995; baseline 0 -24"><span class='ocrx_word' id='word_1_614' title='bbox 89 4918 148 4985; x_wconf 90' lang='lat' dir='ltr'><strong><em>tus,</em></strong></span> <span class='ocrx_word' id='word_1_615' title='bbox 165 4918 346 4976; x_wconf 86' lang='lat' dir='ltr'><strong><em>monasterio</em></strong></span> <span class='ocrx_word' id='word_1_616' title='bbox 362 4916 483 4976; x_wconf 87' lang='lat' dir='ltr'><strong><em>dederat</em></strong></span> <span class='ocrx_word' id='word_1_617' title='bbox 511 4923 684 4991; x_wconf 88' lang='lat' dir='ltr'><strong><em>memorato,</em></strong></span> <span class='ocrx_word' id='word_1_618' title='bbox 714 4922 916 4977; x_wconf 86' lang='lat' dir='ltr'><strong><em>monasterinm</em></strong></span> <span class='ocrx_word' id='word_1_619' title='bbox 971 4918 1145 4995; x_wconf 86' lang='lat' dir='ltr'><strong><em>possiderat,</em></strong></span> <span class='ocrx_word' id='word_1_620' title='bbox 1161 4919 1373 4975; x_wconf 88' lang='lat' dir='ltr'><strong><em>monasterium</em></strong></span> <span class='ocrx_word' id='word_1_621' title='bbox 1390 4914 1551 4989; x_wconf 90' lang='lat' dir='ltr'><strong><em>occupasti,</em></strong></span> <span class='ocrx_word' id='word_1_622' title='bbox 1564 4916 1719 4988; x_wconf 82' lang='lat' dir='ltr'><strong><em>salvujure</em></strong></span> <span class='ocrx_word' id='word_1_623' title='bbox 1730 4926 1796 4989; x_wconf 90' lang='lat' dir='ltr'><strong><em>pro·</em></strong></span> 
     </span>
     <span class='ocr_line' id='line_1_54' title="bbox 86 5000 1794 5085; baseline 0 -24"><span class='ocrx_word' id='word_1_624' title='bbox 86 5007 188 5080; x_wconf 86' lang='lat' dir='ltr'><strong><em>ipsum</em></strong></span> <span class='ocrx_word' id='word_1_625' title='bbox 203 5007 241 5064; x_wconf 92' lang='lat' dir='ltr'><strong><em>ad</em></strong></span> <span class='ocrx_word' id='word_1_626' title='bbox 258 5008 474 5068; x_wconf 86' lang='lat' dir='ltr'><strong><em>restitutionem</em></strong></span> <span class='ocrx_word' id='word_1_627' title='bbox 489 5024 592 5068; x_wconf 90' lang='lat' dir='ltr'><strong><em>eorum</em></strong></span> <span class='ocrx_word' id='word_1_628' title='bbox 604 5008 722 5084; x_wconf 78' lang='lat' dir='ltr'><strong><em>judices</em></strong></span> <span class='ocrx_word' id='word_1_629' title='bbox 736 5011 916 5069; x_wconf 76' lang='lat' dir='ltr'><strong><em>condemua-</em></strong></span> <span class='ocrx_word' id='word_1_630' title='bbox 971 5010 1103 5085; x_wconf 89' lang='lat' dir='ltr'><strong><em>prietatis</em></strong></span> <span class='ocrx_word' id='word_1_631' title='bbox 1114 5007 1334 5068; x_wconf 84' lang='lat' dir='ltr'><strong><em>colimbriensis</em></strong></span> <span class='ocrx_word' id='word_1_632' title='bbox 1344 5004 1483 5079; x_wconf 81' lang='lat' dir='ltr'><strong><em>eoeleste,</em></strong></span> <span class='ocrx_word' id='word_1_633' title='bbox 1494 5000 1794 5064; x_wconf 87' lang='lat' dir='ltr'><strong><em>monasteriorsstitul</em></strong></span> 
     </span>
     <span class='ocr_line' id='line_1_55' title="bbox 88 5090 1793 5170; baseline -0.002 -16"><span class='ocrx_word' id='word_1_634' title='bbox 88 5101 173 5154; x_wconf 87' lang='lat' dir='ltr'><strong><em>rant.</em></strong></span> <span class='ocrx_word' id='word_1_635' title='bbox 972 5100 1174 5167; x_wconf 85' lang='lat' dir='ltr'><strong><em>decernentes,</em></strong></span> <span class='ocrx_word' id='word_1_636' title='bbox 1191 5095 1334 5170; x_wconf 87' lang='lat' dir='ltr'><strong><em>reliquam</em></strong></span> <span class='ocrx_word' id='word_1_637' title='bbox 1350 5112 1417 5153; x_wconf 85' lang='lat' dir='ltr'><strong><em>vcro</em></strong></span> <span class='ocrx_word' id='word_1_638' title='bbox 1443 5099 1557 5168; x_wconf 84' lang='lat' dir='ltr'><strong><em>partem</em></strong></span> <span class='ocrx_word' id='word_1_639' title='bbox 1585 5094 1659 5151; x_wconf 84' lang='lat' dir='ltr'><strong><em>ulliae</em></strong></span> <span class='ocrx_word' id='word_1_640' title='bbox 1687 5090 1793 5168; x_wconf 84' lang='lat' dir='ltr'><strong><em>ipsius,</em></strong></span> 
     </span>
     <span class='ocr_line' id='line_1_56' title="bbox 125 5180 1793 5265; baseline -0.002 -22"><span class='ocrx_word' id='word_1_641' title='bbox 125 5188 263 5261; x_wconf 87' lang='lat' dir='ltr'><strong><em>iusuper,</em></strong></span> <span class='ocrx_word' id='word_1_642' title='bbox 277 5195 335 5246; x_wconf 89' lang='lat' dir='ltr'><strong><em>tom</em></strong></span> <span class='ocrx_word' id='word_1_643' title='bbox 348 5186 563 5264; x_wconf 69' lang='lat' dir='ltr'><strong><em>nonnusquam</em></strong></span> <span class='ocrx_word' id='word_1_644' title='bbox 572 5188 710 5248; x_wconf 86' lang='lat' dir='ltr'><strong><em>ecclesias</em></strong></span> <span class='ocrx_word' id='word_1_645' title='bbox 719 5202 832 5259; x_wconf 88' lang='lat' dir='ltr'><strong><em>omues,</em></strong></span> <span class='ocrx_word' id='word_1_646' title='bbox 844 5203 917 5262; x_wconf 89' lang='lat' dir='ltr'><strong><em>quas</em></strong></span> <span class='ocrx_word' id='word_1_647' title='bbox 972 5204 1061 5265; x_wconf 86' lang='lat' dir='ltr'><strong><em>quam</em></strong></span> <span class='ocrx_word' id='word_1_648' title='bbox 1077 5186 1211 5260; x_wconf 83' lang='lat' dir='ltr'><strong><em>Pelagius</em></strong></span> <span class='ocrx_word' id='word_1_649' title='bbox 1226 5188 1256 5242; x_wconf 69' lang='lat' dir='ltr'><strong><em>tl.</em></strong></span> <span class='ocrx_word' id='word_1_650' title='bbox 1273 5184 1342 5243; x_wconf 91' lang='lat' dir='ltr'><strong><em>olim</em></strong></span> <span class='ocrx_word' id='word_1_651' title='bbox 1367 5185 1532 5242; x_wconf 89' lang='lat' dir='ltr'><strong><em>contulerat</em></strong></span> <span class='ocrx_word' id='word_1_652' title='bbox 1559 5181 1736 5240; x_wconf 85' lang='lat' dir='ltr'><strong><em>monasterio</em></strong></span> <span class='ocrx_word' id='word_1_653' title='bbox 1764 5180 1793 5239; x_wconf 78' lang='lat' dir='ltr'><strong><em>S.</em></strong></span> 
     </span>
     <span class='ocr_line' id='line_1_57' title="bbox 89 5272 1793 5352; baseline -0.002 -21"><span class='ocrx_word' id='word_1_654' title='bbox 89 5275 122 5333; x_wconf 82' lang='lat' dir='ltr'><strong><em>tic</em></strong></span> <span class='ocrx_word' id='word_1_655' title='bbox 132 5294 225 5335; x_wconf 84' lang='lat' dir='ltr'><strong><em>manu</em></strong></span> <span class='ocrx_word' id='word_1_656' title='bbox 236 5280 322 5352; x_wconf 66' lang='lat' dir='ltr'><strong><em>repta</em></strong></span> <span class='ocrx_word' id='word_1_657' title='bbox 337 5279 381 5337; x_wconf 87' lang='lat' dir='ltr'><strong><em>cel</em></strong></span> <span class='ocrx_word' id='word_1_658' title='bbox 395 5280 519 5337; x_wconf 86' lang='lat' dir='ltr'><strong><em>oliorum</em></strong></span> <span class='ocrx_word' id='word_1_659' title='bbox 532 5281 667 5337; x_wconf 84' lang='lat' dir='ltr'><strong><em>tuicomm</em></strong></span> <span class='ocrx_word' id='word_1_660' title='bbox 681 5280 738 5338; x_wconf 84' lang='lat' dir='ltr'><strong><em>siue</em></strong></span> <span class='ocrx_word' id='word_1_661' title='bbox 752 5279 917 5338; x_wconf 83' lang='lat' dir='ltr'><strong><em>clericorum</em></strong></span> <span class='ocrx_word' id='word_1_662' title='bbox 972 5278 1083 5348; x_wconf 86' lang='lat' dir='ltr'><strong><em>Crucis,</em></strong></span> <span class='ocrx_word' id='word_1_663' title='bbox 1100 5277 1304 5350; x_wconf 85' lang='lat' dir='ltr'><strong><em>adjudicantes</em></strong></span> <span class='ocrx_word' id='word_1_664' title='bbox 1320 5275 1376 5348; x_wconf 90' lang='lat' dir='ltr'><strong><em>ipsi</em></strong></span> <span class='ocrx_word' id='word_1_665' title='bbox 1406 5273 1584 5332; x_wconf 88' lang='lat' dir='ltr'><strong><em>monasterio</em></strong></span> <span class='ocrx_word' id='word_1_666' title='bbox 1599 5272 1685 5346; x_wconf 87' lang='lat' dir='ltr'><strong><em>plenu</em></strong></span> <span class='ocrx_word' id='word_1_667' title='bbox 1707 5272 1793 5344; x_wconf 87' lang='lat' dir='ltr'><strong><em>jure;</em></strong></span> 
     </span>
    </p>
   </div>
   <div class='ocr_carea' id='block_1_3' title="bbox 93 5436 1793 5658">
    <p class='ocr_par' dir='ltr' id='par_1_3' title="bbox 93 5436 1793 5658">
     <span class='ocr_line' id='line_1_58' title="bbox 126 5436 1586 5519; baseline -0.002 -22"><span class='ocrx_word' id='word_1_668' title='bbox 126 5441 204 5513; x_wconf 67' lang='lat' dir='ltr'><strong><em>till)</em></strong></span> <span class='ocrx_word' id='word_1_669' title='bbox 219 5440 363 5500; x_wconf 85' lang='lat' dir='ltr'><strong><em>Decretai.</em></strong></span> <span class='ocrx_word' id='word_1_670' title='bbox 380 5443 456 5500; x_wconf 90' lang='lat' dir='ltr'><strong><em>hauc</em></strong></span> <span class='ocrx_word' id='word_1_671' title='bbox 470 5458 572 5502; x_wconf 81' lang='lat' dir='ltr'><strong><em>uncam</em></strong></span> <span class='ocrx_word' id='word_1_672' title='bbox 599 5444 750 5519; x_wconf 90' lang='lat' dir='ltr'><strong><em>omittunt,</em></strong></span> <span class='ocrx_word' id='word_1_673' title='bbox 780 5449 812 5502; x_wconf 91' lang='lat' dir='ltr'><strong><em>ut</em></strong></span> <span class='ocrx_word' id='word_1_674' title='bbox 841 5443 918 5502; x_wconf 91' lang='lat' dir='ltr'><strong><em>inira</em></strong></span> <span class='ocrx_word' id='word_1_675' title='bbox 1008 5445 1071 5515; x_wconf 70' lang='lat'><strong>(2116</strong></span> <span class='ocrx_word' id='word_1_676' title='bbox 1100 5447 1163 5500; x_wconf 79' lang='lat' dir='ltr'><strong><em>Huc</em></strong></span> <span class='ocrx_word' id='word_1_677' title='bbox 1178 5443 1267 5499; x_wconf 86' lang='lat' dir='ltr'><strong><em>verba</em></strong></span> <span class='ocrx_word' id='word_1_678' title='bbox 1281 5442 1387 5498; x_wconf 85' lang='lat' dir='ltr'><strong><em>desunt</em></strong></span> <span class='ocrx_word' id='word_1_679' title='bbox 1398 5439 1428 5496; x_wconf 92' lang='lat' dir='ltr'><strong><em>iu</em></strong></span> <span class='ocrx_word' id='word_1_680' title='bbox 1442 5436 1586 5496; x_wconf 86' lang='lat' dir='ltr'><strong><em>Decretal.</em></strong></span> 
     </span>
     <span class='ocr_line' id='line_1_59' title="bbox 93 5511 1793 5588; baseline -0.005 -20"><span class='ocrx_word' id='word_1_681' title='bbox 93 5518 174 5570; x_wconf 90' lang='lat' dir='ltr'><strong><em>attest</em></strong></span> <span class='ocrx_word' id='word_1_682' title='bbox 176 5554 233 5571; x_wconf 90' lang='grc'><strong>.....</strong></span> <span class='ocrx_word' id='word_1_683' title='bbox 248 5516 318 5587; x_wconf 82' lang='lat' dir='ltr'><strong><em>insp.</em></strong></span> <span class='ocrx_word' id='word_1_684' title='bbox 1008 5517 1070 5588; x_wconf 79' lang='lat'>(247</span> <span class='ocrx_word' id='word_1_685' title='bbox 1097 5514 1240 5572; x_wconf 87' lang='lat' dir='ltr'><strong><em>Decretal.</em></strong></span> <span class='ocrx_word' id='word_1_686' title='bbox 1250 5514 1318 5570; x_wconf 85' lang='lat' dir='ltr'><strong><em>add.</em></strong></span> <span class='ocrx_word' id='word_1_687' title='bbox 1331 5511 1517 5585; x_wconf 67' lang='lat' dir='ltr'><strong><em>predecessor</em></strong></span> <span class='ocrx_word' id='word_1_688' title='bbox 1531 5518 1604 5580; x_wconf 84' lang='lat' dir='ltr'><strong><em>tuus,</em></strong></span> <span class='ocrx_word' id='word_1_689' title='bbox 1619 5513 1648 5567; x_wconf 89' lang='lat' dir='ltr'><strong><em>et</em></strong></span> <span class='ocrx_word' id='word_1_690' title='bbox 1662 5522 1721 5565; x_wconf 86' lang='lat' dir='ltr'><strong><em>nm.</em></strong></span> <span class='ocrx_word' id='word_1_691' title='bbox 1742 5516 1793 5562; x_wconf 78' lang='lat' dir='ltr'><strong><em>rn-</em></strong></span> 
     </span>
     <span class='ocr_line' id='line_1_60' title="bbox 129 5581 1591 5658; baseline -0.003 -17"><span class='ocrx_word' id='word_1_692' title='bbox 129 5586 206 5658; x_wconf 72' lang='lat' dir='ltr'><strong><em>(uls)</em></strong></span> <span class='ocrx_word' id='word_1_693' title='bbox 222 5585 364 5645; x_wconf 87' lang='lat' dir='ltr'><strong><em>Decretai.</em></strong></span> <span class='ocrx_word' id='word_1_694' title='bbox 380 5586 560 5646; x_wconf 81' lang='lat' dir='ltr'><strong><em>damnarunt.</em></strong></span> <span class='ocrx_word' id='word_1_695' title='bbox 972 5602 1020 5644; x_wconf 89' lang='lat' dir='ltr'><strong><em>nes</em></strong></span> <span class='ocrx_word' id='word_1_696' title='bbox 1035 5584 1150 5644; x_wconf 83' lang='lat' dir='ltr'><strong><em>cursivo</em></strong></span> <span class='ocrx_word' id='word_1_697' title='bbox 1164 5587 1329 5643; x_wconf 86' lang='lat' dir='ltr'><strong><em>charactere</em></strong></span> <span class='ocrx_word' id='word_1_698' title='bbox 1340 5583 1495 5641; x_wconf 87' lang='lat' dir='ltr'><strong><em>distinctas</em></strong></span> <span class='ocrx_word' id='word_1_699' title='bbox 1506 5581 1591 5637; x_wconf 88' lang='lat' dir='ltr'><strong><em>inira.</em></strong></span> 
     </span>
    </p>
   </div>
   <div class='ocr_carea' id='block_1_4' title="bbox 0 0 1894 6000">
    <p class='ocr_par' dir='ltr' id='par_1_4' title="bbox 0 0 1894 6000">
     <span class='ocr_line' id='line_1_61' title="bbox 0 0 1894 6000; baseline 0 0"><span class='ocrx_word' id='word_1_700' title='bbox 0 0 1894 6000; x_wconf 95' lang='lat' dir='ltr'><strong><em> </em></strong></span> 
     </span>
    </p>
   </div>
  </div>
 </body>
</html>
