<?xml version="1.0" encoding="UTF-8"?>
<!DOCTYPE html PUBLIC "-//W3C//DTD XHTML 1.0 Transitional//EN"
    "http://www.w3.org/TR/xhtml1/DTD/xhtml1-transitional.dtd">
<html xmlns="http://www.w3.org/1999/xhtml" xml:lang="en" lang="en">
 <head>
  <title>
</title>
<meta http-equiv="Content-Type" content="text/html;charset=utf-8" />
  <meta name='ocr-system' content='tesseract 3.04.00' />
  <meta name='ocr-capabilities' content='ocr_page ocr_carea ocr_par ocr_line ocrx_word'/>
</head>
<body>
  <div class='ocr_page' id='page_1' title='image "./patrologiaecurs41unkngoog_0447.png"; bbox 0 0 3780 6000; ppageno 0'>
   <div class='ocr_carea' id='block_1_1' title="bbox 87 216 143 275">
    <p class='ocr_par' dir='ltr' id='par_1_1' title="bbox 87 216 143 275">
     <span class='ocr_line' id='line_1_1' title="bbox 87 216 143 275; baseline 0 0"><span class='ocrx_word' id='word_1_1' title='bbox 87 216 143 275; x_wconf 80' lang='grc'><strong>883</strong></span> 
     </span>
    </p>
   </div>
   <div class='ocr_carea' id='block_1_2' title="bbox 561 205 1794 275">
    <p class='ocr_par' dir='ltr' id='par_1_2' title="bbox 561 205 1794 275">
     <span class='ocr_line' id='line_1_2' title="bbox 561 205 1794 275; baseline -0.002 -6"><span class='ocrx_word' id='word_1_2' title='bbox 561 205 1254 271; x_wconf 78' lang='lat' dir='ltr'><strong>muocserrrmee.asessroeust1.re.</strong></span> <span class='ocrx_word' id='word_1_3' title='bbox 1274 211 1324 268; x_wconf 86' lang='lat' dir='ltr'><strong>tx.</strong></span> <span class='ocrx_word' id='word_1_4' title='bbox 1747 213 1794 275; x_wconf 79' lang='lat' dir='ltr'><strong>at</strong></span> 
     </span>
    </p>
   </div>
   <div class='ocr_carea' id='block_1_3' title="bbox 123 304 1796 498">
    <p class='ocr_par' dir='ltr' id='par_1_3' title="bbox 123 304 1796 498">
     <span class='ocr_line' id='line_1_3' title="bbox 123 304 1794 420; baseline -0.002 -20"><span class='ocrx_word' id='word_1_5' title='bbox 123 343 157 400; x_wconf 84' lang='lat' dir='ltr'><strong>dc</strong></span> <span class='ocrx_word' id='word_1_6' title='bbox 170 348 259 399; x_wconf 83' lang='lat' dir='ltr'><strong>caetra</strong></span> <span class='ocrx_word' id='word_1_7' title='bbox 271 339 465 406; x_wconf 70' lang='lat' dir='ltr'><strong>dantia-Batti,</strong></span> <span class='ocrx_word' id='word_1_8' title='bbox 477 340 582 408; x_wconf 76' lang='lat' dir='ltr'><strong>sartam</strong></span> <span class='ocrx_word' id='word_1_9' title='bbox 592 336 760 420; x_wconf 77' lang='lat' dir='ltr'><strong>monasterio</strong></span> <span class='ocrx_word' id='word_1_10' title='bbox 770 334 804 391; x_wconf 84' lang='lat' dir='ltr'><strong>de</strong></span> <span class='ocrx_word' id='word_1_11' title='bbox 815 332 915 396; x_wconf 77' lang='lat' dir='ltr'><strong>docta,</strong></span> <span class='ocrx_word' id='word_1_12' title='bbox 931 332 958 399; x_wconf 77' lang='grc' dir='ltr'><strong>Α</strong></span> <span class='ocrx_word' id='word_1_13' title='bbox 972 331 1089 391; x_wconf 89' lang='lat' dir='ltr'><strong>duobus</strong></span> <span class='ocrx_word' id='word_1_14' title='bbox 1104 334 1260 408; x_wconf 84' lang='lat' dir='ltr'><strong>precipue,</strong></span> <span class='ocrx_word' id='word_1_15' title='bbox 1276 304 1398 394; x_wconf 68' lang='lat' dir='ltr'><strong>auaritia</strong></span> <span class='ocrx_word' id='word_1_16' title='bbox 1418 335 1532 395; x_wconf 81' lang='lat' dir='ltr'><strong>scilieet</strong></span> <span class='ocrx_word' id='word_1_17' title='bbox 1553 340 1584 395; x_wconf 88' lang='lat' dir='ltr'><strong>at</strong></span> <span class='ocrx_word' id='word_1_18' title='bbox 1601 336 1794 414; x_wconf 84' lang='lat' dir='ltr'><strong>negligentia,</strong></span> 
     </span>
     <span class='ocr_line' id='line_1_4' title="bbox 124 409 1796 498; baseline 0.002 -14"><span class='ocrx_word' id='word_1_19' title='bbox 124 413 174 470; x_wconf 82' lang='lat' dir='ltr'><strong>ati</strong></span> <span class='ocrx_word' id='word_1_20' title='bbox 187 409 916 495; x_wconf 55' lang='grc' dir='ltr'><strong>580111010310010οῐ010ῑῑὺῖᾱΐῦῃῑῑωίῑῑίῑῐῑῆθῒῃαηθ</strong></span> <span class='ocrx_word' id='word_1_21' title='bbox 972 421 1129 495; x_wconf 86' lang='lat' dir='ltr'><strong>culpabilis</strong></span> <span class='ocrx_word' id='word_1_22' title='bbox 1143 427 1379 498; x_wconf 63' lang='lat' dir='ltr'><strong>natabatnrnna</strong></span> <span class='ocrx_word' id='word_1_23' title='bbox 1390 426 1450 484; x_wconf 94' lang='lat' dir='ltr'><strong>duo</strong></span> <span class='ocrx_word' id='word_1_24' title='bbox 1461 427 1538 484; x_wconf 87' lang='lat' dir='ltr'><strong>inter</strong></span> <span class='ocrx_word' id='word_1_25' title='bbox 1551 427 1717 486; x_wconf 83' lang='lat' dir='ltr'><strong>abusiones</strong></span> <span class='ocrx_word' id='word_1_26' title='bbox 1728 429 1796 488; x_wconf 86' lang='lat' dir='ltr'><strong>dnn·</strong></span> 
     </span>
    </p>
   </div>
   <div class='ocr_carea' id='block_1_4' title="bbox 88 484 921 1435">
    <p class='ocr_par' dir='ltr' id='par_1_4' title="bbox 127 484 401 556">
     <span class='ocr_line' id='line_1_5' title="bbox 127 484 401 556; baseline -0.011 -14"><span class='ocrx_word' id='word_1_27' title='bbox 127 484 258 542; x_wconf 71' lang='lat' dir='ltr'><strong>Ecclesiae</strong></span> <span class='ocrx_word' id='word_1_28' title='bbox 271 486 401 556; x_wconf 80' lang='lat' dir='ltr'><strong>accipiat.</strong></span> 
     </span>
    </p>

    <p class='ocr_par' dir='ltr' id='par_1_5' title="bbox 88 569 689 644">
     <span class='ocr_line' id='line_1_6' title="bbox 88 569 689 644; baseline -0.013 -12"><span class='ocrx_word' id='word_1_29' title='bbox 88 636 91 641; x_wconf 70' lang='grc'><strong>,</strong></span> <span class='ocrx_word' id='word_1_30' title='bbox 320 575 443 644; x_wconf 74' lang='lat' dir='ltr'><strong>(Roma,</strong></span> <span class='ocrx_word' id='word_1_31' title='bbox 459 589 497 627; x_wconf 85' lang='lat' dir='ltr'><strong>vu</strong></span> <span class='ocrx_word' id='word_1_32' title='bbox 513 571 582 628; x_wconf 89' lang='lat' dir='ltr'><strong>Idus</strong></span> <span class='ocrx_word' id='word_1_33' title='bbox 598 569 689 638; x_wconf 83' lang='lat' dir='ltr'><strong>Maii.)</strong></span> 
     </span>
    </p>

    <p class='ocr_par' dir='ltr' id='par_1_6' title="bbox 93 652 921 1435">
     <span class='ocr_line' id='line_1_7' title="bbox 126 652 917 736; baseline -0.01 -17"><span class='ocrx_word' id='word_1_34' title='bbox 126 663 268 736; x_wconf 85' lang='lat' dir='ltr'><strong>Exposita</strong></span> <span class='ocrx_word' id='word_1_35' title='bbox 284 664 378 730; x_wconf 89' lang='lat' dir='ltr'><strong>nobis,</strong></span> <span class='ocrx_word' id='word_1_36' title='bbox 401 662 514 718; x_wconf 72' lang='lat' dir='ltr'><strong>dilectae</strong></span> <span class='ocrx_word' id='word_1_37' title='bbox 533 660 562 715; x_wconf 93' lang='lat' dir='ltr'><strong>in</strong></span> <span class='ocrx_word' id='word_1_38' title='bbox 584 659 700 716; x_wconf 86' lang='lat' dir='ltr'><strong>Christo</strong></span> <span class='ocrx_word' id='word_1_39' title='bbox 714 656 792 725; x_wconf 84' lang='lat' dir='ltr'><strong>lilia,</strong></span> <span class='ocrx_word' id='word_1_40' title='bbox 809 652 917 712; x_wconf 90' lang='lat' dir='ltr'><strong>nobilis</strong></span> 
     </span>
     <span class='ocr_line' id='line_1_8' title="bbox 94 745 918 821; baseline -0.013 -10"><span class='ocrx_word' id='word_1_41' title='bbox 94 751 228 811; x_wconf 87' lang='lat' dir='ltr'><strong>mulieris</strong></span> <span class='ocrx_word' id='word_1_42' title='bbox 241 756 297 809; x_wconf 86' lang='grc' dir='ltr'><strong>Α...</strong></span> <span class='ocrx_word' id='word_1_43' title='bbox 314 751 471 809; x_wconf 79' lang='lat' dir='ltr'><strong>comitissa</strong></span> <span class='ocrx_word' id='word_1_44' title='bbox 495 750 718 820; x_wconf 88' lang='lat' dir='ltr'><strong>Montisierrati‚</strong></span> <span class='ocrx_word' id='word_1_45' title='bbox 741 745 918 821; x_wconf 82' lang='lat' dir='ltr'><strong>significatio</strong></span> 
     </span>
     <span class='ocr_line' id='line_1_9' title="bbox 93 834 916 916; baseline -0.013 -17"><span class='ocrx_word' id='word_1_46' title='bbox 93 842 229 916; x_wconf 74' lang='lat' dir='ltr'>patefecit</span> <span class='ocrx_word' id='word_1_47' title='bbox 244 842 334 914; x_wconf 88' lang='lat' dir='ltr'><strong>quod,</strong></span> <span class='ocrx_word' id='word_1_48' title='bbox 351 859 419 898; x_wconf 90' lang='lat' dir='ltr'><strong>cum</strong></span> <span class='ocrx_word' id='word_1_49' title='bbox 444 840 570 897; x_wconf 91' lang='lat' dir='ltr'><strong>dilectus</strong></span> <span class='ocrx_word' id='word_1_50' title='bbox 595 839 685 907; x_wconf 89' lang='lat' dir='ltr'><strong>lilius,</strong></span> <span class='ocrx_word' id='word_1_51' title='bbox 702 837 811 895; x_wconf 88' lang='lat' dir='ltr'><strong>nobilis</strong></span> <span class='ocrx_word' id='word_1_52' title='bbox 826 836 870 890; x_wconf 85' lang='lat' dir='ltr'><strong>vir</strong></span> <span class='ocrx_word' id='word_1_53' title='bbox 884 834 916 889; x_wconf 89' lang='lat' dir='ltr'><strong>B.</strong></span> 
     </span>
     <span class='ocr_line' id='line_1_10' title="bbox 94 926 918 1002; baseline -0.012 -12"><span class='ocrx_word' id='word_1_54' title='bbox 94 931 225 991; x_wconf 86' lang='lat' dir='ltr'><strong>marchio</strong></span> <span class='ocrx_word' id='word_1_55' title='bbox 239 930 461 998; x_wconf 82' lang='lat' dir='ltr'><strong>Montisierreti,</strong></span> <span class='ocrx_word' id='word_1_56' title='bbox 472 931 561 986; x_wconf 87' lang='lat' dir='ltr'><strong>irater</strong></span> <span class='ocrx_word' id='word_1_57' title='bbox 570 930 647 1002; x_wconf 82' lang='lat' dir='ltr'><strong>ejus,</strong></span> <span class='ocrx_word' id='word_1_58' title='bbox 659 929 694 984; x_wconf 90' lang='lat' dir='ltr'><strong>ad</strong></span> <span class='ocrx_word' id='word_1_59' title='bbox 708 933 806 1001; x_wconf 90' lang='lat' dir='ltr'><strong>parles</strong></span> <span class='ocrx_word' id='word_1_60' title='bbox 818 926 918 998; x_wconf 88' lang='lat' dir='ltr'><strong>dispo·</strong></span> 
     </span>
     <span class='ocr_line' id='line_1_11' title="bbox 93 1015 919 1093; baseline -0.011 -15"><span class='ocrx_word' id='word_1_61' title='bbox 93 1025 177 1078; x_wconf 89' lang='lat' dir='ltr'><strong>neret</strong></span> <span class='ocrx_word' id='word_1_62' title='bbox 191 1021 329 1077; x_wconf 78' lang='lat' dir='ltr'><strong>accedere</strong></span> <span class='ocrx_word' id='word_1_63' title='bbox 344 1019 570 1087; x_wconf 85' lang='lat' dir='ltr'><strong>transmarinae,</strong></span> <span class='ocrx_word' id='word_1_64' title='bbox 583 1037 635 1093; x_wconf 92' lang='lat' dir='ltr'><strong>pro</strong></span> <span class='ocrx_word' id='word_1_65' title='bbox 648 1023 774 1090; x_wconf 86' lang='lat' dir='ltr'><strong>quatuor</strong></span> <span class='ocrx_word' id='word_1_66' title='bbox 789 1015 919 1072; x_wconf 88' lang='lat' dir='ltr'><strong>millibus</strong></span> 
     </span>
     <span class='ocr_line' id='line_1_12' title="bbox 93 1105 918 1182; baseline -0.008 -16"><span class='ocrx_word' id='word_1_67' title='bbox 93 1110 237 1167; x_wconf 88' lang='lat' dir='ltr'><strong>librarum</strong></span> <span class='ocrx_word' id='word_1_68' title='bbox 255 1109 447 1182; x_wconf 90' lang='lat' dir='ltr'><strong>Papieusium</strong></span> <span class='ocrx_word' id='word_1_69' title='bbox 462 1124 536 1180; x_wconf 87' lang='lat' dir='ltr'><strong>quae</strong></span> <span class='ocrx_word' id='word_1_70' title='bbox 557 1108 582 1164; x_wconf 88' lang='lat' dir='ltr'><strong>ei</strong></span> <span class='ocrx_word' id='word_1_71' title='bbox 609 1107 728 1162; x_wconf 88' lang='lat' dir='ltr'><strong>reddere</strong></span> <span class='ocrx_word' id='word_1_72' title='bbox 753 1105 918 1173; x_wconf 87' lang='lat' dir='ltr'><strong>tenebatur,</strong></span> 
     </span>
     <span class='ocr_line' id='line_1_13' title="bbox 95 1196 920 1267; baseline -0.012 -10"><span class='ocrx_word' id='word_1_73' title='bbox 95 1205 225 1257; x_wconf 84' lang='lat' dir='ltr'><strong>castrum</strong></span> <span class='ocrx_word' id='word_1_74' title='bbox 252 1200 309 1256; x_wconf 86' lang='lat' dir='ltr'>sibi</span> <span class='ocrx_word' id='word_1_75' title='bbox 334 1199 459 1256; x_wconf 87' lang='lat' dir='ltr'><strong>contulit</strong></span> <span class='ocrx_word' id='word_1_76' title='bbox 475 1196 663 1266; x_wconf 86' lang='lat' dir='ltr'><strong>Montisbelli,</strong></span> <span class='ocrx_word' id='word_1_77' title='bbox 679 1196 757 1253; x_wconf 90' lang='lat' dir='ltr'><strong>sicut</strong></span> <span class='ocrx_word' id='word_1_78' title='bbox 780 1208 920 1267; x_wconf 89' lang='lat' dir='ltr'><strong>apparere</strong></span> 
     </span>
     <span class='ocr_line' id='line_1_14' title="bbox 94 1282 921 1361; baseline -0.01 -15"><span class='ocrx_word' id='word_1_79' title='bbox 94 1289 203 1346; x_wconf 88' lang='lat' dir='ltr'><strong>dicitur</strong></span> <span class='ocrx_word' id='word_1_80' title='bbox 217 1306 268 1360; x_wconf 90' lang='lat' dir='ltr'><strong>per</strong></span> <span class='ocrx_word' id='word_1_81' title='bbox 281 1289 430 1361; x_wconf 91' lang='lat' dir='ltr'><strong>publicum</strong></span> <span class='ocrx_word' id='word_1_82' title='bbox 450 1288 834 1357; x_wconf 73' lang='lat' dir='ltr'><strong>instrumentumttumque</strong></span> <span class='ocrx_word' id='word_1_83' title='bbox 845 1282 921 1339; x_wconf 89' lang='lat' dir='ltr'><strong>dicta</strong></span> 
     </span>
     <span class='ocr_line' id='line_1_15' title="bbox 95 1373 920 1435; baseline -0.011 0"><span class='ocrx_word' id='word_1_84' title='bbox 95 1378 202 1435; x_wconf 88' lang='lat' dir='ltr'><strong>mulier</strong></span> <span class='ocrx_word' id='word_1_85' title='bbox 213 1379 241 1433; x_wconf 90' lang='lat' dir='ltr'><strong>iu</strong></span> <span class='ocrx_word' id='word_1_86' title='bbox 257 1377 436 1432; x_wconf 79' lang='lat' dir='ltr'><strong>rniinasterio</strong></span> <span class='ocrx_word' id='word_1_87' title='bbox 448 1375 666 1432; x_wconf 79' lang='lat' dir='ltr'><strong>Sanctaeblariee</strong></span> <span class='ocrx_word' id='word_1_88' title='bbox 678 1375 712 1429; x_wconf 89' lang='lat' dir='ltr'><strong>de</strong></span> <span class='ocrx_word' id='word_1_89' title='bbox 724 1373 822 1430; x_wconf 80' lang='lat' dir='ltr'><strong>Rocba</strong></span> <span class='ocrx_word' id='word_1_90' title='bbox 832 1373 920 1428; x_wconf 87' lang='lat' dir='ltr'><strong>vitam</strong></span> 
     </span>
    </p>
   </div>
   <div class='ocr_carea' id='block_1_5' title="bbox 94 1551 929 2879">
    <p class='ocr_par' dir='ltr' id='par_1_7' title="bbox 94 1551 929 2879">
     <span class='ocr_line' id='line_1_16' title="bbox 96 1551 922 1621; baseline -0.008 -8"><span class='ocrx_word' id='word_1_91' title='bbox 96 1559 192 1613; x_wconf 89' lang='lat' dir='ltr'><strong>eidem</strong></span> <span class='ocrx_word' id='word_1_92' title='bbox 208 1556 387 1612; x_wconf 86' lang='lat' dir='ltr'><strong>monasterio</strong></span> <span class='ocrx_word' id='word_1_93' title='bbox 403 1554 465 1609; x_wconf 86' lang='lat' dir='ltr'><strong>vult</strong></span> <span class='ocrx_word' id='word_1_94' title='bbox 480 1554 593 1621; x_wconf 86' lang='lat' dir='ltr'><strong>ollerre,</strong></span> <span class='ocrx_word' id='word_1_95' title='bbox 608 1553 661 1609; x_wconf 89' lang='lat' dir='ltr'><strong>hac</strong></span> <span class='ocrx_word' id='word_1_96' title='bbox 682 1551 848 1609; x_wconf 88' lang='lat' dir='ltr'><strong>conditione</strong></span> <span class='ocrx_word' id='word_1_97' title='bbox 870 1551 922 1606; x_wconf 91' lang='lat' dir='ltr'><strong>ad·</strong></span> 
     </span>
     <span class='ocr_line' id='line_1_17' title="bbox 94 1640 921 1719; baseline -0.008 -17"><span class='ocrx_word' id='word_1_98' title='bbox 94 1647 182 1719; x_wconf 80' lang='lat' dir='ltr'><strong>jecta,</strong></span> <span class='ocrx_word' id='word_1_99' title='bbox 195 1646 272 1716; x_wconf 93' lang='lat' dir='ltr'><strong>quod</strong></span> <span class='ocrx_word' id='word_1_100' title='bbox 286 1643 498 1699; x_wconf 87' lang='lat' dir='ltr'><strong>monasterium</strong></span> <span class='ocrx_word' id='word_1_101' title='bbox 511 1642 643 1698; x_wconf 88' lang='lat' dir='ltr'><strong>redditus</strong></span> <span class='ocrx_word' id='word_1_102' title='bbox 658 1641 810 1714; x_wconf 89' lang='lat' dir='ltr'><strong>percipiet,</strong></span> <span class='ocrx_word' id='word_1_103' title='bbox 822 1656 855 1695; x_wconf 88' lang='lat' dir='ltr'><strong>ac</strong></span> <span class='ocrx_word' id='word_1_104' title='bbox 866 1640 921 1695; x_wconf 85' lang='lat' dir='ltr'><strong>lin·</strong></span> 
     </span>
     <span class='ocr_line' id='line_1_18' title="bbox 100 1728 925 1807; baseline -0.008 -17"><span class='ocrx_word' id='word_1_105' title='bbox 100 1751 188 1791; x_wconf 90' lang='lat' dir='ltr'><strong>mano</strong></span> <span class='ocrx_word' id='word_1_106' title='bbox 211 1732 341 1807; x_wconf 78' lang='lat' dir='ltr'><strong>pontifici</strong></span> <span class='ocrx_word' id='word_1_107' title='bbox 358 1732 514 1788; x_wconf 83' lang='lat' dir='ltr'><strong>fidelitates</strong></span> <span class='ocrx_word' id='word_1_108' title='bbox 534 1730 690 1787; x_wconf 75' lang='lat' dir='ltr'>exhibeant</span> <span class='ocrx_word' id='word_1_109' title='bbox 705 1729 838 1787; x_wconf 88' lang='lat' dir='ltr'><strong>homines</strong></span> <span class='ocrx_word' id='word_1_110' title='bbox 855 1728 925 1785; x_wconf 90' lang='lat' dir='ltr'><strong>dicti</strong></span> 
     </span>
     <span class='ocr_line' id='line_1_19' title="bbox 101 1820 926 1896; baseline -0.004 -17"><span class='ocrx_word' id='word_1_111' title='bbox 101 1823 168 1894; x_wconf 92' lang='lat' dir='ltr'><strong>looi,</strong></span> <span class='ocrx_word' id='word_1_112' title='bbox 182 1841 234 1896; x_wconf 92' lang='lat' dir='ltr'><strong>pro</strong></span> <span class='ocrx_word' id='word_1_113' title='bbox 249 1839 337 1878; x_wconf 88' lang='lat' dir='ltr'><strong>censu</strong></span> <span class='ocrx_word' id='word_1_114' title='bbox 350 1821 474 1878; x_wconf 89' lang='lat' dir='ltr'><strong>nobiset</strong></span> <span class='ocrx_word' id='word_1_115' title='bbox 485 1821 708 1877; x_wconf 89' lang='lat' dir='ltr'><strong>successoribus</strong></span> <span class='ocrx_word' id='word_1_116' title='bbox 719 1821 829 1876; x_wconf 89' lang='lat' dir='ltr'><strong>nostris</strong></span> <span class='ocrx_word' id='word_1_117' title='bbox 840 1820 926 1891; x_wconf 91' lang='lat' dir='ltr'><strong>quin·</strong></span> 
     </span>
     <span class='ocr_line' id='line_1_20' title="bbox 105 1909 927 1986; baseline -0.002 -18"><span class='ocrx_word' id='word_1_118' title='bbox 105 1914 245 1986; x_wconf 88' lang='lat' dir='ltr'><strong>quaginta</strong></span> <span class='ocrx_word' id='word_1_119' title='bbox 261 1913 341 1967; x_wconf 81' lang='lat' dir='ltr'><strong>libre</strong></span> <span class='ocrx_word' id='word_1_120' title='bbox 353 1912 511 1983; x_wconf 73' lang='lat' dir='ltr'><strong>papienses</strong></span> <span class='ocrx_word' id='word_1_121' title='bbox 523 1911 609 1967; x_wconf 90' lang='lat' dir='ltr'><strong>annis</strong></span> <span class='ocrx_word' id='word_1_122' title='bbox 620 1909 746 1982; x_wconf 89' lang='lat' dir='ltr'><strong>singulis</strong></span> <span class='ocrx_word' id='word_1_123' title='bbox 757 1910 927 1966; x_wconf 82' lang='lat' dir='ltr'><strong>offerantur.</strong></span> 
     </span>
     <span class='ocr_line' id='line_1_21' title="bbox 104 1999 928 2071; baseline -0.004 -13"><span class='ocrx_word' id='word_1_124' title='bbox 104 2002 134 2058; x_wconf 87' lang='lat' dir='ltr'><strong>Si</strong></span> <span class='ocrx_word' id='word_1_125' title='bbox 146 2001 347 2058; x_wconf 85' lang='lat' dir='ltr'><strong>verodilectus</strong></span> <span class='ocrx_word' id='word_1_126' title='bbox 359 2001 447 2070; x_wconf 87' lang='lat' dir='ltr'><strong>tilius,</strong></span> <span class='ocrx_word' id='word_1_127' title='bbox 458 1999 564 2056; x_wconf 89' lang='lat' dir='ltr'><strong>nobilis</strong></span> <span class='ocrx_word' id='word_1_128' title='bbox 575 1999 676 2056; x_wconf 82' lang='lat' dir='ltr'><strong>virW.</strong></span> <span class='ocrx_word' id='word_1_129' title='bbox 688 1999 928 2071; x_wconf 87' lang='lat' dir='ltr'><strong>marchio,nep0a</strong></span> 
     </span>
     <span class='ocr_line' id='line_1_22' title="bbox 103 2087 926 2163; baseline -0.002 -15"><span class='ocrx_word' id='word_1_130' title='bbox 103 2092 179 2163; x_wconf 87' lang='lat' dir='ltr'><strong>ejus,</strong></span> <span class='ocrx_word' id='word_1_131' title='bbox 186 2091 354 2163; x_wconf 78' lang='lat' dir='ltr'><strong>predictam</strong></span> <span class='ocrx_word' id='word_1_132' title='bbox 364 2088 515 2147; x_wconf 87' lang='lat' dir='ltr'><strong>sibivellet</strong></span> <span class='ocrx_word' id='word_1_133' title='bbox 525 2087 686 2159; x_wconf 89' lang='lat' dir='ltr'><strong>persolvere</strong></span> <span class='ocrx_word' id='word_1_134' title='bbox 697 2091 926 2161; x_wconf 79' lang='lat' dir='ltr'><strong>pecuniaequan·</strong></span> 
     </span>
     <span class='ocr_line' id='line_1_23' title="bbox 102 2178 927 2249; baseline -0.001 -13"><span class='ocrx_word' id='word_1_135' title='bbox 102 2182 227 2249; x_wconf 87' lang='lat' dir='ltr'><strong>titatem,</strong></span> <span class='ocrx_word' id='word_1_136' title='bbox 240 2180 346 2235; x_wconf 85' lang='lat' dir='ltr'><strong>babeat</strong></span> <span class='ocrx_word' id='word_1_137' title='bbox 359 2183 489 2233; x_wconf 86' lang='lat' dir='ltr'><strong>castrum</strong></span> <span class='ocrx_word' id='word_1_138' title='bbox 505 2178 603 2249; x_wconf 88' lang='lat' dir='ltr'><strong>ipsum</strong></span> <span class='ocrx_word' id='word_1_139' title='bbox 620 2183 648 2234; x_wconf 91' lang='lat' dir='ltr'><strong>et</strong></span> <span class='ocrx_word' id='word_1_140' title='bbox 659 2179 880 2247; x_wconf 85' lang='lat' dir='ltr'><strong>monasterium,</strong></span> <span class='ocrx_word' id='word_1_141' title='bbox 892 2179 927 2235; x_wconf 89' lang='lat' dir='ltr'><strong>ad</strong></span> 
     </span>
     <span class='ocr_line' id='line_1_24' title="bbox 104 2266 928 2344; baseline -0.004 -19"><span class='ocrx_word' id='word_1_142' title='bbox 104 2270 182 2344; x_wconf 90' lang='lat' dir='ltr'><strong>quod</strong></span> <span class='ocrx_word' id='word_1_143' title='bbox 200 2269 338 2342; x_wconf 82' lang='lat' dir='ltr'><strong>predicta</strong></span> <span class='ocrx_word' id='word_1_144' title='bbox 350 2266 473 2339; x_wconf 86' lang='lat' dir='ltr'><strong>pecunia</strong></span> <span class='ocrx_word' id='word_1_145' title='bbox 489 2267 667 2336; x_wconf 79' lang='lat' dir='ltr'><strong>devolvetur,</strong></span> <span class='ocrx_word' id='word_1_146' title='bbox 680 2267 764 2322; x_wconf 75' lang='lat' dir='ltr'><strong>nobis</strong></span> <span class='ocrx_word' id='word_1_147' title='bbox 774 2267 928 2322; x_wconf 87' lang='lat' dir='ltr'><strong>annuatim</strong></span> 
     </span>
     <span class='ocr_line' id='line_1_25' title="bbox 103 2355 928 2428; baseline -0.004 -13"><span class='ocrx_word' id='word_1_148' title='bbox 103 2376 224 2416; x_wconf 89' lang='lat' dir='ltr'><strong>censum</strong></span> <span class='ocrx_word' id='word_1_149' title='bbox 236 2359 338 2414; x_wconf 83' lang='lat' dir='ltr'><strong>alterat</strong></span> <span class='ocrx_word' id='word_1_150' title='bbox 347 2360 571 2428; x_wconf 74' lang='lat' dir='ltr'><strong>competentem.</strong></span> <span class='ocrx_word' id='word_1_151' title='bbox 582 2355 655 2419; x_wconf 84' lang='lat' dir='ltr'><strong>Quia</strong></span> <span class='ocrx_word' id='word_1_152' title='bbox 668 2355 768 2427; x_wconf 90' lang='lat' dir='ltr'><strong>igitur,</strong></span> <span class='ocrx_word' id='word_1_153' title='bbox 778 2356 833 2411; x_wconf 89' lang='lat' dir='ltr'><strong>etei</strong></span> <span class='ocrx_word' id='word_1_154' title='bbox 846 2355 928 2428; x_wconf 92' lang='lat' dir='ltr'><strong>pium</strong></span> 
     </span>
     <span class='ocr_line' id='line_1_26' title="bbox 101 2444 928 2517; baseline -0.005 -12"><span class='ocrx_word' id='word_1_155' title='bbox 101 2449 236 2505; x_wconf 88' lang='lat' dir='ltr'><strong>videatur</strong></span> <span class='ocrx_word' id='word_1_156' title='bbox 259 2447 344 2502; x_wconf 79' lang='lat' dir='ltr'><strong>dictae</strong></span> <span class='ocrx_word' id='word_1_157' title='bbox 370 2444 503 2501; x_wconf 91' lang='lat' dir='ltr'><strong>mulieris</strong></span> <span class='ocrx_word' id='word_1_158' title='bbox 529 2447 723 2517; x_wconf 82' lang='lat' dir='ltr'><strong>propositum,</strong></span> <span class='ocrx_word' id='word_1_159' title='bbox 746 2462 762 2500; x_wconf 86' lang='lat' dir='ltr'><strong>a</strong></span> <span class='ocrx_word' id='word_1_160' title='bbox 788 2445 928 2501; x_wconf 86' lang='lat' dir='ltr'><strong>scandalo</strong></span> 
     </span>
     <span class='ocr_line' id='line_1_27' title="bbox 101 2533 927 2609; baseline -0.004 -14"><span class='ocrx_word' id='word_1_161' title='bbox 101 2536 298 2609; x_wconf 88' lang='lat' dir='ltr'><strong>tamen,qund</strong></span> <span class='ocrx_word' id='word_1_162' title='bbox 315 2535 383 2591; x_wconf 92' lang='lat' dir='ltr'><strong>inde</strong></span> <span class='ocrx_word' id='word_1_163' title='bbox 399 2538 499 2607; x_wconf 88' lang='lat' dir='ltr'><strong>posset</strong></span> <span class='ocrx_word' id='word_1_164' title='bbox 512 2533 595 2590; x_wconf 79' lang='lat' dir='ltr'><strong>facile</strong></span> <span class='ocrx_word' id='word_1_165' title='bbox 608 2534 747 2604; x_wconf 77' lang='lat' dir='ltr'><strong>suboriri,</strong></span> <span class='ocrx_word' id='word_1_166' title='bbox 759 2551 812 2590; x_wconf 87' lang='lat' dir='ltr'><strong>noe</strong></span> <span class='ocrx_word' id='word_1_167' title='bbox 823 2550 927 2592; x_wconf 87' lang='lat' dir='ltr'><strong>conve·</strong></span> 
     </span>
     <span class='ocr_line' id='line_1_28' title="bbox 104 2623 929 2696; baseline -0.006 -12"><span class='ocrx_word' id='word_1_168' title='bbox 104 2629 147 2684; x_wconf 89' lang='lat' dir='ltr'><strong>nit</strong></span> <span class='ocrx_word' id='word_1_169' title='bbox 163 2627 319 2696; x_wconf 89' lang='lat' dir='ltr'><strong>abstinere,</strong></span> <span class='ocrx_word' id='word_1_170' title='bbox 344 2623 519 2680; x_wconf 77' lang='lat' dir='ltr'><strong>fraternitati</strong></span> <span class='ocrx_word' id='word_1_171' title='bbox 534 2630 602 2689; x_wconf 84' lang='lat' dir='ltr'><strong>tura,</strong></span> <span class='ocrx_word' id='word_1_172' title='bbox 617 2624 654 2679; x_wconf 91' lang='lat' dir='ltr'><strong>da</strong></span> <span class='ocrx_word' id='word_1_173' title='bbox 678 2640 737 2695; x_wconf 86' lang='lat' dir='ltr'><strong>qua</strong></span> <span class='ocrx_word' id='word_1_174' title='bbox 760 2623 877 2696; x_wconf 90' lang='lat' dir='ltr'><strong>plenam</strong></span> <span class='ocrx_word' id='word_1_175' title='bbox 893 2625 929 2679; x_wconf 85' lang='lat' dir='ltr'><strong>fl-</strong></span> 
     </span>
     <span class='ocr_line' id='line_1_29' title="bbox 105 2713 927 2788; baseline -0.007 -13"><span class='ocrx_word' id='word_1_176' title='bbox 105 2719 221 2776; x_wconf 91' lang='lat' dir='ltr'><strong>duciam</strong></span> <span class='ocrx_word' id='word_1_177' title='bbox 246 2716 425 2782; x_wconf 83' lang='lat' dir='ltr'><strong>obtinemus,</strong></span> <span class='ocrx_word' id='word_1_178' title='bbox 441 2715 496 2771; x_wconf 89' lang='lat' dir='ltr'><strong>hoe</strong></span> <span class='ocrx_word' id='word_1_179' title='bbox 521 2715 671 2788; x_wconf 82' lang='lat' dir='ltr'><strong>negotium</strong></span> <span class='ocrx_word' id='word_1_180' title='bbox 687 2713 826 2770; x_wconf 86' lang='lat' dir='ltr'><strong>duximus</strong></span> <span class='ocrx_word' id='word_1_181' title='bbox 847 2731 927 2772; x_wconf 87' lang='lat' dir='ltr'><strong>cam·</strong></span> 
     </span>
     <span class='ocr_line' id='line_1_30' title="bbox 105 2805 927 2879; baseline -0.004 -14"><span class='ocrx_word' id='word_1_182' title='bbox 105 2810 293 2875; x_wconf 85' lang='lat' dir='ltr'><strong>mittendum,</strong></span> <span class='ocrx_word' id='word_1_183' title='bbox 306 2824 356 2879; x_wconf 88' lang='lat' dir='ltr'><strong>per</strong></span> <span class='ocrx_word' id='word_1_184' title='bbox 371 2806 531 2878; x_wconf 89' lang='lat' dir='ltr'><strong>apostolica</strong></span> <span class='ocrx_word' id='word_1_185' title='bbox 547 2806 600 2862; x_wconf 90' lang='lat' dir='ltr'><strong>tibi</strong></span> <span class='ocrx_word' id='word_1_186' title='bbox 616 2805 725 2878; x_wconf 89' lang='lat' dir='ltr'><strong>scripta</strong></span> <span class='ocrx_word' id='word_1_187' title='bbox 741 2806 927 2872; x_wconf 87' lang='lat' dir='ltr'><strong>mandantes,</strong></span> 
     </span>
    </p>
   </div>
   <div class='ocr_carea' id='block_1_6' title="bbox 104 2895 929 3061">
    <p class='ocr_par' dir='ltr' id='par_1_8' title="bbox 104 2895 929 3061">
     <span class='ocr_line' id='line_1_31' title="bbox 104 2895 927 2970; baseline -0.005 -15"><span class='ocrx_word' id='word_1_188' title='bbox 104 2904 263 2970; x_wconf 86' lang='lat' dir='ltr'><strong>quatenus,</strong></span> <span class='ocrx_word' id='word_1_189' title='bbox 280 2895 424 2970; x_wconf 87' lang='lat' dir='ltr'><strong>inquisite</strong></span> <span class='ocrx_word' id='word_1_190' title='bbox 438 2912 528 2969; x_wconf 87' lang='lat' dir='ltr'><strong>super</strong></span> <span class='ocrx_word' id='word_1_191' title='bbox 552 2896 599 2952; x_wconf 90' lang='lat' dir='ltr'><strong>bis</strong></span> <span class='ocrx_word' id='word_1_192' title='bbox 623 2895 739 2968; x_wconf 85' lang='lat' dir='ltr'><strong>plenius</strong></span> <span class='ocrx_word' id='word_1_193' title='bbox 756 2896 885 2962; x_wconf 82' lang='lat' dir='ltr'><strong>veritate,</strong></span> <span class='ocrx_word' id='word_1_194' title='bbox 902 2911 927 2951; x_wconf 87' lang='lat' dir='ltr'><strong>st</strong></span> 
     </span>
     <span class='ocr_line' id='line_1_32' title="bbox 105 2983 929 3061; baseline -0.007 -16"><span class='ocrx_word' id='word_1_195' title='bbox 105 2989 216 3061; x_wconf 80' lang='lat' dir='ltr'><strong>absque</strong></span> <span class='ocrx_word' id='word_1_196' title='bbox 240 2987 320 3059; x_wconf 86' lang='lat' dir='ltr'><strong>gravi</strong></span> <span class='ocrx_word' id='word_1_197' title='bbox 337 2983 477 3041; x_wconf 88' lang='lat' dir='ltr'><strong>scandalo</strong></span> <span class='ocrx_word' id='word_1_198' title='bbox 501 2985 682 3041; x_wconf 87' lang='lat' dir='ltr'><strong>marchionis</strong></span> <span class='ocrx_word' id='word_1_199' title='bbox 708 2985 767 3040; x_wconf 83' lang='lat' dir='ltr'><strong>haec</strong></span> <span class='ocrx_word' id='word_1_200' title='bbox 794 2988 929 3056; x_wconf 88' lang='lat' dir='ltr'><strong>poterunt</strong></span> 
     </span>
    </p>
   </div>
   <div class='ocr_carea' id='block_1_7' title="bbox 104 3073 965 3146">
    <p class='ocr_par' dir='ltr' id='par_1_9' title="bbox 104 3073 965 3146">
     <span class='ocr_line' id='line_1_33' title="bbox 104 3073 965 3146; baseline -0.005 -14"><span class='ocrx_word' id='word_1_201' title='bbox 104 3074 315 3142; x_wconf 85' lang='lat' dir='ltr'><strong>consummari,</strong></span> <span class='ocrx_word' id='word_1_202' title='bbox 335 3074 514 3131; x_wconf 68' lang='lat' dir='ltr'><strong>stitutionem</strong></span> <span class='ocrx_word' id='word_1_203' title='bbox 537 3073 661 3146; x_wconf 86' lang='lat' dir='ltr'><strong>recipias</strong></span> <span class='ocrx_word' id='word_1_204' title='bbox 685 3073 747 3130; x_wconf 85' lang='lat' dir='ltr'><strong>vica</strong></span> <span class='ocrx_word' id='word_1_205' title='bbox 772 3079 882 3141; x_wconf 90' lang='lat' dir='ltr'><strong>nostra,</strong></span> <span class='ocrx_word' id='word_1_206' title='bbox 899 3073 965 3142; x_wconf 79' lang='lat' dir='ltr'><strong>etc</strong></span> 
     </span>
    </p>
   </div>
   <div class='ocr_carea' id='block_1_8' title="bbox 102 3162 928 3771">
    <p class='ocr_par' dir='ltr' id='par_1_10' title="bbox 102 3162 926 3599">
     <span class='ocr_line' id='line_1_34' title="bbox 103 3162 925 3238; baseline -0.006 -14"><span class='ocrx_word' id='word_1_207' title='bbox 103 3171 181 3224; x_wconf 87' lang='lat' dir='ltr'><strong>circa</strong></span> <span class='ocrx_word' id='word_1_208' title='bbox 203 3165 374 3238; x_wconf 88' lang='lat' dir='ltr'><strong>hujusmodi</strong></span> <span class='ocrx_word' id='word_1_209' title='bbox 397 3170 512 3220; x_wconf 87' lang='lat' dir='ltr'><strong>statuas</strong></span> <span class='ocrx_word' id='word_1_210' title='bbox 528 3181 592 3236; x_wconf 78' lang='lat' dir='ltr'><strong>quia</strong></span> <span class='ocrx_word' id='word_1_211' title='bbox 619 3162 726 3220; x_wconf 88' lang='lat' dir='ltr'><strong>videris</strong></span> <span class='ocrx_word' id='word_1_212' title='bbox 751 3164 925 3234; x_wconf 89' lang='lat' dir='ltr'><strong>statuenda;</strong></span> 
     </span>
     <span class='ocr_line' id='line_1_35' title="bbox 103 3252 926 3329; baseline -0.004 -16"><span class='ocrx_word' id='word_1_213' title='bbox 103 3255 246 3329; x_wconf 92' lang='lat' dir='ltr'><strong>alioquin,</strong></span> <span class='ocrx_word' id='word_1_214' title='bbox 260 3257 350 3312; x_wconf 87' lang='lat' dir='ltr'><strong>totius</strong></span> <span class='ocrx_word' id='word_1_215' title='bbox 376 3254 485 3328; x_wconf 91' lang='lat' dir='ltr'><strong>negotii</strong></span> <span class='ocrx_word' id='word_1_216' title='bbox 506 3254 614 3310; x_wconf 88' lang='lat' dir='ltr'><strong>seriem</strong></span> <span class='ocrx_word' id='word_1_217' title='bbox 631 3254 716 3308; x_wconf 87' lang='lat' dir='ltr'><strong>nobis</strong></span> <span class='ocrx_word' id='word_1_218' title='bbox 739 3253 799 3310; x_wconf 88' lang='lat' dir='ltr'><strong>tuis</strong></span> <span class='ocrx_word' id='word_1_219' title='bbox 819 3252 926 3310; x_wconf 86' lang='lat' dir='ltr'><strong>litteris</strong></span> 
     </span>
     <span class='ocr_line' id='line_1_36' title="bbox 103 3343 926 3418; baseline -0.005 -14"><span class='ocrx_word' id='word_1_220' title='bbox 103 3349 221 3405; x_wconf 87' lang='lat' dir='ltr'><strong>studeas</strong></span> <span class='ocrx_word' id='word_1_221' title='bbox 238 3347 444 3415; x_wconf 64' lang='lat' dir='ltr'><strong>intimarent,</strong></span> <span class='ocrx_word' id='word_1_222' title='bbox 462 3361 513 3418; x_wconf 86' lang='lat' dir='ltr'><strong>per</strong></span> <span class='ocrx_word' id='word_1_223' title='bbox 532 3349 613 3400; x_wconf 88' lang='lat' dir='ltr'><strong>tuem</strong></span> <span class='ocrx_word' id='word_1_224' title='bbox 630 3343 800 3401; x_wconf 81' lang='lat' dir='ltr'><strong>relationem</strong></span> <span class='ocrx_word' id='word_1_225' title='bbox 815 3343 926 3400; x_wconf 87' lang='lat' dir='ltr'><strong>instru-</strong></span> 
     </span>
     <span class='ocr_line' id='line_1_37' title="bbox 102 3433 925 3509; baseline -0.006 -15"><span class='ocrx_word' id='word_1_226' title='bbox 102 3438 152 3505; x_wconf 88' lang='lat' dir='ltr'><strong>cti,</strong></span> <span class='ocrx_word' id='word_1_227' title='bbox 169 3436 297 3509; x_wconf 86' lang='lat' dir='ltr'><strong>qualiter</strong></span> <span class='ocrx_word' id='word_1_228' title='bbox 311 3436 529 3508; x_wconf 88' lang='lat' dir='ltr'><strong>procedendum</strong></span> <span class='ocrx_word' id='word_1_229' title='bbox 545 3434 643 3501; x_wconf 88' lang='lat' dir='ltr'><strong>luerit,</strong></span> <span class='ocrx_word' id='word_1_230' title='bbox 658 3440 776 3490; x_wconf 89' lang='lat' dir='ltr'><strong>auctore</strong></span> <span class='ocrx_word' id='word_1_231' title='bbox 792 3433 925 3502; x_wconf 83' lang='lat' dir='ltr'><strong>llomino,</strong></span> 
     </span>
     <span class='ocr_line' id='line_1_38' title="bbox 103 3528 310 3599; baseline -0.01 -15"><span class='ocrx_word' id='word_1_232' title='bbox 103 3528 310 3599; x_wconf 87' lang='lat' dir='ltr'><strong>procedamus.</strong></span> 
     </span>
    </p>

    <p class='ocr_par' dir='ltr' id='par_1_11' title="bbox 102 3612 928 3771">
     <span class='ocr_line' id='line_1_39' title="bbox 140 3612 928 3686; baseline 0.001 -17"><span class='ocrx_word' id='word_1_233' title='bbox 140 3621 244 3671; x_wconf 83' lang='lat' dir='ltr'><strong>batum</strong></span> <span class='ocrx_word' id='word_1_234' title='bbox 267 3615 375 3682; x_wconf 82' lang='lat' dir='ltr'><strong>ttomae,</strong></span> <span class='ocrx_word' id='word_1_235' title='bbox 391 3613 467 3686; x_wconf 89' lang='lat' dir='ltr'><strong>apud</strong></span> <span class='ocrx_word' id='word_1_236' title='bbox 493 3612 633 3669; x_wconf 88' lang='lat' dir='ltr'><strong>Sanctum</strong></span> <span class='ocrx_word' id='word_1_237' title='bbox 658 3613 928 3681; x_wconf 86' lang='lat' dir='ltr'><strong>Petrum,v111dus</strong></span> 
     </span>
     <span class='ocr_line' id='line_1_40' title="bbox 102 3704 379 3771; baseline -0.014 -10"><span class='ocrx_word' id='word_1_238' title='bbox 102 3704 181 3771; x_wconf 79' lang='lat' dir='ltr'><strong>Maii,</strong></span> <span class='ocrx_word' id='word_1_239' title='bbox 198 3720 274 3758; x_wconf 91' lang='lat' dir='ltr'><strong>anno</strong></span> <span class='ocrx_word' id='word_1_240' title='bbox 291 3719 379 3759; x_wconf 89' lang='lat' dir='ltr'><strong>nouo.</strong></span> 
     </span>
    </p>
   </div>
   <div class='ocr_carea' id='block_1_9' title="bbox 971 512 1803 1395">
    <p class='ocr_par' dir='ltr' id='par_1_12' title="bbox 971 512 1803 1395">
     <span class='ocr_line' id='line_1_41' title="bbox 971 512 1797 592; baseline 0.013 -24"><span class='ocrx_word' id='word_1_241' title='bbox 971 512 1065 570; x_wconf 89' lang='lat' dir='ltr'><strong>decim</strong></span> <span class='ocrx_word' id='word_1_242' title='bbox 1082 521 1356 587; x_wconf 88' lang='lat' dir='ltr'><strong>numerantur,cum</strong></span> <span class='ocrx_word' id='word_1_243' title='bbox 1371 517 1508 576; x_wconf 84' lang='lat' dir='ltr'><strong>videlicet</strong></span> <span class='ocrx_word' id='word_1_244' title='bbox 1517 522 1564 575; x_wconf 83' lang='lat' dir='ltr'><strong>est</strong></span> <span class='ocrx_word' id='word_1_245' title='bbox 1577 520 1738 592; x_wconf 86' lang='lat' dir='ltr'><strong>episcopus</strong></span> <span class='ocrx_word' id='word_1_246' title='bbox 1751 538 1797 579; x_wconf 87' lang='lat' dir='ltr'><strong>na·</strong></span> 
     </span>
     <span class='ocr_line' id='line_1_42' title="bbox 972 601 1797 680; baseline 0.015 -24"><span class='ocrx_word' id='word_1_247' title='bbox 972 601 1098 675; x_wconf 87' lang='lat' dir='ltr'><strong>gligens,</strong></span> <span class='ocrx_word' id='word_1_248' title='bbox 1114 611 1143 661; x_wconf 88' lang='lat' dir='ltr'><strong>et</strong></span> <span class='ocrx_word' id='word_1_249' title='bbox 1156 606 1236 662; x_wconf 87' lang='lat' dir='ltr'><strong>dives</strong></span> <span class='ocrx_word' id='word_1_250' title='bbox 1247 623 1361 674; x_wconf 85' lang='lat' dir='ltr'><strong>avarus,</strong></span> <span class='ocrx_word' id='word_1_251' title='bbox 1378 607 1515 679; x_wconf 84' lang='lat' dir='ltr'><strong>quamvis</strong></span> <span class='ocrx_word' id='word_1_252' title='bbox 1526 614 1658 680; x_wconf 81' lang='lat' dir='ltr'><strong>utraque</strong></span> <span class='ocrx_word' id='word_1_253' title='bbox 1672 611 1756 667; x_wconf 87' lang='lat' dir='ltr'><strong>radix</strong></span> <span class='ocrx_word' id='word_1_254' title='bbox 1769 611 1797 668; x_wconf 93' lang='lat' dir='ltr'><strong>in</strong></span> 
     </span>
     <span class='ocr_line' id='line_1_43' title="bbox 974 692 1798 768; baseline 0.016 -22"><span class='ocrx_word' id='word_1_255' title='bbox 974 692 1085 750; x_wconf 85' lang='lat' dir='ltr'><strong>multos</strong></span> <span class='ocrx_word' id='word_1_256' title='bbox 1100 710 1198 751; x_wconf 86' lang='lat' dir='ltr'><strong>remos</strong></span> <span class='ocrx_word' id='word_1_257' title='bbox 1208 696 1395 768; x_wconf 86' lang='lat' dir='ltr'><strong>perhibeatur</strong></span> <span class='ocrx_word' id='word_1_258' title='bbox 1408 713 1473 755; x_wconf 87' lang='lat' dir='ltr'><strong>ease</strong></span> <span class='ocrx_word' id='word_1_259' title='bbox 1485 697 1691 755; x_wconf 85' lang='lat' dir='ltr'><strong>dilluaa.ldsnr</strong></span> <span class='ocrx_word' id='word_1_260' title='bbox 1701 706 1798 759; x_wconf 82' lang='lat' dir='ltr'><strong>autam</strong></span> 
     </span>
     <span class='ocr_line' id='line_1_44' title="bbox 972 781 1797 859; baseline 0.015 -23"><span class='ocrx_word' id='word_1_261' title='bbox 972 781 1223 857; x_wconf 73' lang='lat' dir='ltr'><strong>archiepiscopus,</strong></span> <span class='ocrx_word' id='word_1_262' title='bbox 1239 786 1275 842; x_wconf 89' lang='lat' dir='ltr'><strong>sd</strong></span> <span class='ocrx_word' id='word_1_263' title='bbox 1292 787 1478 858; x_wconf 80' lang='lat' dir='ltr'><strong>praeentiam</strong></span> <span class='ocrx_word' id='word_1_264' title='bbox 1495 793 1629 844; x_wconf 88' lang='lat' dir='ltr'><strong>nostram</strong></span> <span class='ocrx_word' id='word_1_265' title='bbox 1646 789 1797 859; x_wconf 78' lang='lat' dir='ltr'><strong>acaedam,</strong></span> 
     </span>
     <span class='ocr_line' id='line_1_45' title="bbox 974 872 1800 948; baseline 0.011 -20"><span class='ocrx_word' id='word_1_266' title='bbox 974 887 1064 942; x_wconf 90' lang='lat' dir='ltr'><strong>super</strong></span> <span class='ocrx_word' id='word_1_267' title='bbox 1078 872 1201 944; x_wconf 81' lang='lat' dir='ltr'><strong>objectis</strong></span> <span class='ocrx_word' id='word_1_268' title='bbox 1212 890 1244 931; x_wconf 90' lang='lat' dir='ltr'><strong>sa</strong></span> <span class='ocrx_word' id='word_1_269' title='bbox 1254 873 1457 948; x_wconf 86' lang='lat' dir='ltr'><strong>multiplieiter</strong></span> <span class='ocrx_word' id='word_1_270' title='bbox 1466 876 1800 947; x_wconf 60' lang='lat' dir='ltr'><strong>excusaritmiaaricnr·</strong></span> 
     </span>
     <span class='ocr_line' id='line_1_46' title="bbox 975 961 1800 1039; baseline 0.012 -23"><span class='ocrx_word' id='word_1_271' title='bbox 975 961 1800 1039; x_wconf 81' lang='lat' dir='ltr'><strong>diamtemenpostulansclamandationenrpromittena,</strong></span> 
     </span>
     <span class='ocr_line' id='line_1_47' title="bbox 975 1051 1800 1128; baseline 0.013 -23"><span class='ocrx_word' id='word_1_272' title='bbox 975 1054 1009 1106; x_wconf 93' lang='lat' dir='ltr'><strong>ut</strong></span> <span class='ocrx_word' id='word_1_273' title='bbox 1017 1051 1134 1121; x_wconf 87' lang='lat' dir='ltr'><strong>expiare</strong></span> <span class='ocrx_word' id='word_1_274' title='bbox 1146 1052 1239 1124; x_wconf 87' lang='lat' dir='ltr'><strong>possit</strong></span> <span class='ocrx_word' id='word_1_275' title='bbox 1249 1055 1398 1126; x_wconf 62' lang='lat' dir='ltr'><strong>praeterita</strong></span> <span class='ocrx_word' id='word_1_276' title='bbox 1408 1071 1460 1128; x_wconf 92' lang='lat' dir='ltr'><strong>per</strong></span> <span class='ocrx_word' id='word_1_277' title='bbox 1470 1056 1719 1126; x_wconf 89' lang='lat' dir='ltr'><strong>lutura,recolana</strong></span> <span class='ocrx_word' id='word_1_278' title='bbox 1730 1058 1800 1116; x_wconf 89' lang='lat' dir='ltr'><strong>iilud</strong></span> 
     </span>
     <span class='ocr_line' id='line_1_48' title="bbox 975 1140 1802 1220; baseline 0.011 -24"><span class='ocrx_word' id='word_1_279' title='bbox 975 1141 1054 1213; x_wconf 87' lang='lat' dir='ltr'><strong>quod</strong></span> <span class='ocrx_word' id='word_1_280' title='bbox 1069 1140 1196 1198; x_wconf 79' lang='lat' dir='ltr'><strong>ioannes</strong></span> <span class='ocrx_word' id='word_1_281' title='bbox 1206 1142 1357 1213; x_wconf 86' lang='lat' dir='ltr'><strong>apostolus</strong></span> <span class='ocrx_word' id='word_1_282' title='bbox 1369 1145 1412 1201; x_wconf 90' lang='lat' dir='ltr'><strong>ait</strong></span> <span class='ocrx_word' id='word_1_283' title='bbox 1426 1164 1434 1214; x_wconf 80' lang='lat'><em>3</em></span> <span class='ocrx_word' id='word_1_284' title='bbox 1449 1144 1482 1202; x_wconf 77' lang='lat' dir='ltr'><strong>Si</strong></span> <span class='ocrx_word' id='word_1_285' title='bbox 1494 1145 1655 1205; x_wconf 58' lang='lat' dir='ltr'><strong>amimae</strong></span> <span class='ocrx_word' id='word_1_286' title='bbox 1664 1149 1734 1219; x_wconf 74' lang='lat' dir='ltr'><strong>gaia</strong></span> <span class='ocrx_word' id='word_1_287' title='bbox 1742 1165 1802 1220; x_wconf 83' lang='lat' dir='ltr'><strong>pee-</strong></span> 
     </span>
     <span class='ocr_line' id='line_1_49' title="bbox 977 1232 1803 1308; baseline 0.012 -22"><span class='ocrx_word' id='word_1_288' title='bbox 977 1236 1069 1286; x_wconf 81' lang='lat' dir='ltr'><strong>catum</strong></span> <span class='ocrx_word' id='word_1_289' title='bbox 1084 1247 1140 1286; x_wconf 67' lang='grc' dir='ltr'><strong>που)</strong></span> <span class='ocrx_word' id='word_1_290' title='bbox 1155 1232 1300 1303; x_wconf 79' lang='lat' dir='ltr'><strong>labamus,</strong></span> <span class='ocrx_word' id='word_1_291' title='bbox 1325 1250 1377 1290; x_wconf 80' lang='lat' dir='ltr'><strong>nos</strong></span> <span class='ocrx_word' id='word_1_292' title='bbox 1399 1236 1458 1308; x_wconf 79' lang='lat' dir='ltr'><strong>ipro</strong></span> <span class='ocrx_word' id='word_1_293' title='bbox 1481 1233 1641 1293; x_wconf 61' lang='lat' dir='ltr'><strong>adamarus</strong></span> <span class='ocrx_word' id='word_1_294' title='bbox 1664 1241 1803 1295; x_wconf 67' lang='lat' dir='ltr'><strong>etnmm</strong></span> 
     </span>
     <span class='ocr_line' id='line_1_50' title="bbox 976 1319 1802 1395; baseline 0.012 -19"><span class='ocrx_word' id='word_1_295' title='bbox 976 1319 1008 1376; x_wconf 85' lang='lat' dir='ltr'><strong>ia</strong></span> <span class='ocrx_word' id='word_1_296' title='bbox 1022 1321 1100 1377; x_wconf 80' lang='lat' dir='ltr'><strong>nebia</strong></span> <span class='ocrx_word' id='word_1_297' title='bbox 1115 1337 1170 1378; x_wconf 83' lang='lat' dir='ltr'><strong>non</strong></span> <span class='ocrx_word' id='word_1_298' title='bbox 1183 1324 1223 1378; x_wconf 77' lang='lat' dir='ltr'><strong>est</strong></span> <span class='ocrx_word' id='word_1_299' title='bbox 1238 1325 1265 1394; x_wconf 88' lang='lat' dir='ltr'><strong>(l</strong></span> <span class='ocrx_word' id='word_1_300' title='bbox 1276 1325 1356 1381; x_wconf 74' lang='lat' dir='ltr'><strong>toea.</strong></span> <span class='ocrx_word' id='word_1_301' title='bbox 1368 1324 1584 1395; x_wconf 66' lang='lat' dir='ltr'><strong>canoniorum</strong></span> <span class='ocrx_word' id='word_1_302' title='bbox 1601 1326 1802 1385; x_wconf 87' lang='lat' dir='ltr'><strong>multiaollan·</strong></span> 
     </span>
    </p>
   </div>
   <div class='ocr_carea' id='block_1_10' title="bbox 95 1409 1802 1557">
    <p class='ocr_par' dir='ltr' id='par_1_13' title="bbox 95 1409 1802 1557">
     <span class='ocr_line' id='line_1_51' title="bbox 262 1409 1802 1489; baseline 0.001 -17"><span class='ocrx_word' id='word_1_303' title='bbox 262 1469 267 1478; x_wconf 84' lang='lat'><strong>,</strong></span> <span class='ocrx_word' id='word_1_304' title='bbox 688 1463 694 1476; x_wconf 87' lang='grc'><strong>,</strong></span> <span class='ocrx_word' id='word_1_305' title='bbox 977 1409 1075 1466; x_wconf 88' lang='lat' dir='ltr'><strong>dimus</strong></span> <span class='ocrx_word' id='word_1_306' title='bbox 1090 1426 1203 1466; x_wconf 91' lang='lat' dir='ltr'><strong>omnes.</strong></span> <span class='ocrx_word' id='word_1_307' title='bbox 1219 1411 1277 1468; x_wconf 88' lang='lat' dir='ltr'><strong>Nos</strong></span> <span class='ocrx_word' id='word_1_308' title='bbox 1294 1412 1395 1485; x_wconf 89' lang='lat' dir='ltr'><strong>igitur,</strong></span> <span class='ocrx_word' id='word_1_309' title='bbox 1410 1413 1597 1472; x_wconf 87' lang='lat' dir='ltr'><strong>attendentes</strong></span> <span class='ocrx_word' id='word_1_310' title='bbox 1617 1416 1700 1489; x_wconf 88' lang='lat' dir='ltr'><strong>quod</strong></span> <span class='ocrx_word' id='word_1_311' title='bbox 1717 1416 1802 1474; x_wconf 83' lang='lat' dir='ltr'><strong>cala·</strong></span> 
     </span>
     <span class='ocr_line' id='line_1_52' title="bbox 95 1464 1014 1557; baseline -0.011 -32"><span class='ocrx_word' id='word_1_312' title='bbox 95 1473 283 1542; x_wconf 82' lang='lat' dir='ltr'><strong>proposuerit</strong></span> <span class='ocrx_word' id='word_1_313' title='bbox 296 1467 402 1522; x_wconf 87' lang='lat' dir='ltr'><strong>ducere</strong></span> <span class='ocrx_word' id='word_1_314' title='bbox 419 1465 594 1538; x_wconf 89' lang='lat' dir='ltr'><strong>regularem,</strong></span> <span class='ocrx_word' id='word_1_315' title='bbox 606 1464 778 1536; x_wconf 80' lang='lat' dir='ltr'><strong>predictum</strong></span> <span class='ocrx_word' id='word_1_316' title='bbox 789 1467 920 1517; x_wconf 87' lang='lat' dir='ltr'><strong>castrum</strong></span> <span class='ocrx_word' id='word_1_317' title='bbox 977 1499 1014 1557; x_wconf 69' lang='lat' dir='ltr'><strong>bo</strong></span> 
     </span>
    </p>
   </div>
   <div class='ocr_carea' id='block_1_11' title="bbox 978 1500 1802 1666">
    <p class='ocr_par' dir='ltr' id='par_1_14' title="bbox 978 1500 1802 1666">
     <span class='ocr_line' id='line_1_53' title="bbox 1018 1500 1802 1578; baseline 0.014 -24"><span class='ocrx_word' id='word_1_318' title='bbox 1018 1515 1047 1555; x_wconf 90' lang='lat' dir='ltr'><strong>re</strong></span> <span class='ocrx_word' id='word_1_319' title='bbox 1062 1500 1225 1573; x_wconf 80' lang='lat' dir='ltr'><strong>grandinat</strong></span> <span class='ocrx_word' id='word_1_320' title='bbox 1240 1502 1338 1574; x_wconf 87' lang='lat' dir='ltr'><strong>gravis</strong></span> <span class='ocrx_word' id='word_1_321' title='bbox 1353 1500 1476 1570; x_wconf 87' lang='lat' dir='ltr'><strong>itineris,</strong></span> <span class='ocrx_word' id='word_1_322' title='bbox 1494 1503 1623 1560; x_wconf 83' lang='lat' dir='ltr'><strong>maxima</strong></span> <span class='ocrx_word' id='word_1_323' title='bbox 1650 1522 1705 1578; x_wconf 92' lang='lat' dir='ltr'><strong>pro</strong></span> <span class='ocrx_word' id='word_1_324' title='bbox 1720 1523 1802 1565; x_wconf 81' lang='lat' dir='ltr'><strong>aens·</strong></span> 
     </span>
     <span class='ocr_line' id='line_1_54' title="bbox 978 1589 1802 1666; baseline 0.005 -19"><span class='ocrx_word' id='word_1_325' title='bbox 978 1594 1058 1647; x_wconf 89' lang='lat' dir='ltr'><strong>ctute</strong></span> <span class='ocrx_word' id='word_1_326' title='bbox 1073 1606 1107 1646; x_wconf 91' lang='lat' dir='ltr'><strong>ao</strong></span> <span class='ocrx_word' id='word_1_327' title='bbox 1122 1589 1423 1663; x_wconf 88' lang='lat' dir='ltr'><strong>debilitatacorporis,</strong></span> <span class='ocrx_word' id='word_1_328' title='bbox 1452 1593 1661 1666; x_wconf 88' lang='lat' dir='ltr'><strong>multipliciter</strong></span> <span class='ocrx_word' id='word_1_329' title='bbox 1675 1596 1717 1653; x_wconf 87' lang='lat' dir='ltr'><strong>sit</strong></span> <span class='ocrx_word' id='word_1_330' title='bbox 1731 1596 1802 1653; x_wconf 85' lang='lat' dir='ltr'><strong>alili·</strong></span> 
     </span>
    </p>
   </div>
   <div class='ocr_carea' id='block_1_12' title="bbox 939 1679 1803 1773">
    <p class='ocr_par' dir='ltr' id='par_1_15' title="bbox 939 1679 1803 1773">
     <span class='ocr_line' id='line_1_55' title="bbox 939 1679 1803 1773; baseline 0.008 -36"><span class='ocrx_word' id='word_1_331' title='bbox 939 1708 962 1773; x_wconf 75' lang='lat' dir='ltr'><strong>B</strong></span> <span class='ocrx_word' id='word_1_332' title='bbox 978 1685 1053 1747; x_wconf 90' lang='lat' dir='ltr'><strong>ctus,</strong></span> <span class='ocrx_word' id='word_1_333' title='bbox 1068 1685 1097 1736; x_wconf 86' lang='lat' dir='ltr'><strong>et</strong></span> <span class='ocrx_word' id='word_1_334' title='bbox 1111 1679 1228 1738; x_wconf 88' lang='lat' dir='ltr'><strong>abbatia</strong></span> <span class='ocrx_word' id='word_1_335' title='bbox 1242 1681 1350 1737; x_wconf 77' lang='lat' dir='ltr'><strong>Montis</strong></span> <span class='ocrx_word' id='word_1_336' title='bbox 1374 1688 1558 1754; x_wconf 72' lang='lat' dir='ltr'><strong>aragonum,</strong></span> <span class='ocrx_word' id='word_1_337' title='bbox 1584 1699 1653 1756; x_wconf 76' lang='lat' dir='ltr'><strong>quan</strong></span> <span class='ocrx_word' id='word_1_338' title='bbox 1668 1684 1803 1757; x_wconf 90' lang='lat' dir='ltr'><strong>plurisai</strong></span> 
     </span>
    </p>
   </div>
   <div class='ocr_carea' id='block_1_13' title="bbox 979 1769 1809 3816">
    <p class='ocr_par' dir='ltr' id='par_1_16' title="bbox 979 1769 1809 3816">
     <span class='ocr_line' id='line_1_56' title="bbox 980 1769 1805 1844; baseline 0.01 -18"><span class='ocrx_word' id='word_1_339' title='bbox 980 1786 1068 1842; x_wconf 85' lang='lat' dir='ltr'><strong>quan</strong></span> <span class='ocrx_word' id='word_1_340' title='bbox 1081 1769 1278 1827; x_wconf 80' lang='lat' dir='ltr'><strong>Narbonensis</strong></span> <span class='ocrx_word' id='word_1_341' title='bbox 1301 1771 1574 1844; x_wconf 83' lang='lat' dir='ltr'><strong>archiepiscopatus</strong></span> <span class='ocrx_word' id='word_1_342' title='bbox 1594 1774 1747 1832; x_wconf 88' lang='lat' dir='ltr'><strong>asseritur</strong></span> <span class='ocrx_word' id='word_1_343' title='bbox 1758 1792 1805 1833; x_wconf 83' lang='lat' dir='ltr'><strong>aa·</strong></span> 
     </span>
     <span class='ocr_line' id='line_1_57' title="bbox 980 1857 1805 1934; baseline 0.008 -18"><span class='ocrx_word' id='word_1_344' title='bbox 980 1857 1103 1925; x_wconf 85' lang='lat' dir='ltr'><strong>stitisse,</strong></span> <span class='ocrx_word' id='word_1_345' title='bbox 1121 1873 1170 1929; x_wconf 86' lang='lat' dir='ltr'><strong>per</strong></span> <span class='ocrx_word' id='word_1_346' title='bbox 1186 1874 1239 1914; x_wconf 89' lang='lat' dir='ltr'><strong>noe</strong></span> <span class='ocrx_word' id='word_1_347' title='bbox 1255 1858 1342 1915; x_wconf 88' lang='lat' dir='ltr'><strong>luerit</strong></span> <span class='ocrx_word' id='word_1_348' title='bbox 1357 1859 1511 1933; x_wconf 87' lang='lat' dir='ltr'><strong>spoliatus,</strong></span> <span class='ocrx_word' id='word_1_349' title='bbox 1536 1861 1749 1934; x_wconf 85' lang='lat' dir='ltr'><strong>disposuimus</strong></span> <span class='ocrx_word' id='word_1_350' title='bbox 1761 1864 1805 1923; x_wconf 89' lang='lat' dir='ltr'><strong>in·</strong></span> 
     </span>
     <span class='ocr_line' id='line_1_58' title="bbox 981 1946 1804 2025; baseline 0.012 -22"><span class='ocrx_word' id='word_1_351' title='bbox 981 1947 1103 2004; x_wconf 80' lang='lat' dir='ltr'><strong>tundere</strong></span> <span class='ocrx_word' id='word_1_352' title='bbox 1117 1946 1214 2003; x_wconf 91' lang='lat' dir='ltr'><strong>oleum</strong></span> <span class='ocrx_word' id='word_1_353' title='bbox 1230 1964 1319 2021; x_wconf 89' lang='lat' dir='ltr'><strong>super</strong></span> <span class='ocrx_word' id='word_1_354' title='bbox 1333 1947 1448 2018; x_wconf 82' lang='lat' dir='ltr'><strong>vinum,</strong></span> <span class='ocrx_word' id='word_1_355' title='bbox 1460 1956 1493 2007; x_wconf 89' lang='lat' dir='ltr'><strong>ut</strong></span> <span class='ocrx_word' id='word_1_356' title='bbox 1507 1951 1536 2007; x_wconf 93' lang='lat' dir='ltr'><strong>in</strong></span> <span class='ocrx_word' id='word_1_357' title='bbox 1552 1951 1642 2009; x_wconf 88' lang='lat' dir='ltr'><strong>nobis</strong></span> <span class='ocrx_word' id='word_1_358' title='bbox 1652 1954 1804 2025; x_wconf 85' lang='lat' dir='ltr'><strong>justitiam</strong></span> 
     </span>
     <span class='ocr_line' id='line_1_59' title="bbox 981 2038 1806 2113; baseline 0.012 -20"><span class='ocrx_word' id='word_1_359' title='bbox 981 2038 1089 2112; x_wconf 88' lang='lat' dir='ltr'><strong>pariter</strong></span> <span class='ocrx_word' id='word_1_360' title='bbox 1104 2043 1134 2094; x_wconf 95' lang='lat' dir='ltr'><strong>et</strong></span> <span class='ocrx_word' id='word_1_361' title='bbox 1156 2038 1387 2096; x_wconf 87' lang='lat' dir='ltr'><strong>misericordiam</strong></span> <span class='ocrx_word' id='word_1_362' title='bbox 1417 2039 1574 2113; x_wconf 84' lang='lat' dir='ltr'><strong>inveniret,</strong></span> <span class='ocrx_word' id='word_1_363' title='bbox 1589 2059 1660 2100; x_wconf 90' lang='lat' dir='ltr'><strong>eum</strong></span> <span class='ocrx_word' id='word_1_364' title='bbox 1691 2045 1723 2101; x_wconf 92' lang='lat' dir='ltr'><strong>in</strong></span> <span class='ocrx_word' id='word_1_365' title='bbox 1740 2060 1806 2103; x_wconf 83' lang='lat' dir='ltr'><strong>area</strong></span> 
     </span>
     <span class='ocr_line' id='line_1_60' title="bbox 979 2126 1806 2205; baseline 0.008 -20"><span class='ocrx_word' id='word_1_366' title='bbox 979 2126 1173 2185; x_wconf 75' lang='lat' dir='ltr'><strong>‘tabernaculi</strong></span> <span class='ocrx_word' id='word_1_367' title='bbox 1191 2144 1299 2184; x_wconf 87' lang='lat' dir='ltr'><strong>manna</strong></span> <span class='ocrx_word' id='word_1_368' title='bbox 1311 2128 1512 2187; x_wconf 83' lang='lat' dir='ltr'><strong>contineretur</strong></span> <span class='ocrx_word' id='word_1_369' title='bbox 1529 2136 1559 2188; x_wconf 88' lang='lat' dir='ltr'><strong>at</strong></span> <span class='ocrx_word' id='word_1_370' title='bbox 1581 2130 1678 2205; x_wconf 83' lang='lat' dir='ltr'><strong>virga,</strong></span> <span class='ocrx_word' id='word_1_371' title='bbox 1703 2134 1749 2192; x_wconf 87' lang='lat' dir='ltr'><strong>sis</strong></span> <span class='ocrx_word' id='word_1_372' title='bbox 1762 2140 1806 2192; x_wconf 88' lang='lat' dir='ltr'><strong>ta-</strong></span> 
     </span>
     <span class='ocr_line' id='line_1_61' title="bbox 982 2218 1806 2295; baseline 0.011 -20"><span class='ocrx_word' id='word_1_373' title='bbox 982 2218 1806 2295; x_wconf 75' lang='lat' dir='ltr'><strong>men,nsmannadulcedinispossiteillceradissolutun,</strong></span> 
     </span>
     <span class='ocr_line' id='line_1_62' title="bbox 981 2308 1805 2388; baseline 0.01 -23"><span class='ocrx_word' id='word_1_374' title='bbox 981 2325 1070 2382; x_wconf 90' lang='lat' dir='ltr'><strong>quem</strong></span> <span class='ocrx_word' id='word_1_375' title='bbox 1091 2309 1171 2381; x_wconf 81' lang='lat' dir='ltr'><strong>virga</strong></span> <span class='ocrx_word' id='word_1_376' title='bbox 1203 2308 1393 2366; x_wconf 83' lang='lat' dir='ltr'><strong>correctionis</strong></span> <span class='ocrx_word' id='word_1_377' title='bbox 1427 2311 1513 2367; x_wconf 86' lang='lat' dir='ltr'><strong>debet</strong></span> <span class='ocrx_word' id='word_1_378' title='bbox 1534 2313 1657 2370; x_wconf 87' lang='lat' dir='ltr'><strong>reddere</strong></span> <span class='ocrx_word' id='word_1_379' title='bbox 1676 2320 1805 2388; x_wconf 84' lang='lat' dir='ltr'><strong>castiga·</strong></span> 
     </span>
     <span class='ocr_line' id='line_1_63' title="bbox 981 2397 1807 2473; baseline 0.011 -19"><span class='ocrx_word' id='word_1_380' title='bbox 981 2402 1056 2454; x_wconf 88' lang='lat' dir='ltr'><strong>tum.</strong></span> <span class='ocrx_word' id='word_1_381' title='bbox 1074 2398 1113 2453; x_wconf 81' lang='lat' dir='ltr'><strong>ld</strong></span> <span class='ocrx_word' id='word_1_382' title='bbox 1130 2397 1297 2470; x_wconf 83' lang='lat' dir='ltr'><strong>parabolam</strong></span> <span class='ocrx_word' id='word_1_383' title='bbox 1311 2397 1401 2470; x_wconf 91' lang='lat' dir='ltr'><strong>igitur</strong></span> <span class='ocrx_word' id='word_1_384' title='bbox 1411 2402 1609 2473; x_wconf 87' lang='lat' dir='ltr'><strong>evangelicam</strong></span> <span class='ocrx_word' id='word_1_385' title='bbox 1626 2404 1664 2460; x_wconf 90' lang='lat' dir='ltr'><strong>de</strong></span> <span class='ocrx_word' id='word_1_386' title='bbox 1678 2403 1807 2464; x_wconf 77' lang='lat' dir='ltr'><strong>liculnea</strong></span> 
     </span>
     <span class='ocr_line' id='line_1_64' title="bbox 982 2487 1808 2564; baseline 0.013 -22"><span class='ocrx_word' id='word_1_387' title='bbox 982 2487 1113 2561; x_wconf 86' lang='lat' dir='ltr'><strong>plantata</strong></span> <span class='ocrx_word' id='word_1_388' title='bbox 1132 2489 1161 2542; x_wconf 92' lang='lat' dir='ltr'><strong>in</strong></span> <span class='ocrx_word' id='word_1_389' title='bbox 1184 2489 1269 2544; x_wconf 80' lang='lat' dir='ltr'><strong>vinea</strong></span> <span class='ocrx_word' id='word_1_390' title='bbox 1292 2495 1489 2558; x_wconf 86' lang='lat' dir='ltr'><strong>recurrentes,</strong></span> <span class='ocrx_word' id='word_1_391' title='bbox 1506 2490 1542 2546; x_wconf 93' lang='lat' dir='ltr'><strong>de</strong></span> <span class='ocrx_word' id='word_1_392' title='bbox 1565 2508 1637 2564; x_wconf 91' lang='lat' dir='ltr'><strong>qua,</strong></span> <span class='ocrx_word' id='word_1_393' title='bbox 1663 2509 1734 2550; x_wconf 90' lang='lat' dir='ltr'><strong>cum</strong></span> <span class='ocrx_word' id='word_1_394' title='bbox 1760 2494 1808 2552; x_wconf 88' lang='lat' dir='ltr'><strong>do·</strong></span> 
     </span>
     <span class='ocr_line' id='line_1_65' title="bbox 982 2575 1806 2649; baseline 0.008 -17"><span class='ocrx_word' id='word_1_395' title='bbox 982 2577 1082 2632; x_wconf 90' lang='lat' dir='ltr'><strong>minus</strong></span> <span class='ocrx_word' id='word_1_396' title='bbox 1097 2575 1201 2632; x_wconf 89' lang='lat' dir='ltr'><strong>cultori</strong></span> <span class='ocrx_word' id='word_1_397' title='bbox 1216 2576 1306 2632; x_wconf 78' lang='lat' dir='ltr'><strong>vinee</strong></span> <span class='ocrx_word' id='word_1_398' title='bbox 1322 2577 1510 2649; x_wconf 76' lang='lat' dir='ltr'><strong>precepisset</strong></span> <span class='ocrx_word' id='word_1_399' title='bbox 1523 2583 1556 2634; x_wconf 92' lang='lat' dir='ltr'><strong>ut</strong></span> <span class='ocrx_word' id='word_1_400' title='bbox 1572 2578 1653 2636; x_wconf 89' lang='lat' dir='ltr'><strong>illam</strong></span> <span class='ocrx_word' id='word_1_401' title='bbox 1669 2583 1806 2641; x_wconf 84' lang='lat' dir='ltr'><strong>succide·</strong></span> 
     </span>
     <span class='ocr_line' id='line_1_66' title="bbox 982 2665 1807 2742; baseline 0.011 -21"><span class='ocrx_word' id='word_1_402' title='bbox 982 2671 1036 2731; x_wconf 89' lang='lat' dir='ltr'><strong>ret,</strong></span> <span class='ocrx_word' id='word_1_403' title='bbox 1054 2681 1091 2722; x_wconf 89' lang='lat' dir='ltr'><strong>ue</strong></span> <span class='ocrx_word' id='word_1_404' title='bbox 1103 2670 1210 2724; x_wconf 87' lang='lat' dir='ltr'><strong>terram</strong></span> <span class='ocrx_word' id='word_1_405' title='bbox 1226 2665 1372 2722; x_wconf 69' lang='lat' dir='ltr'><strong>inutiliter</strong></span> <span class='ocrx_word' id='word_1_406' title='bbox 1392 2673 1559 2740; x_wconf 87' lang='lat' dir='ltr'><strong>occuparat,</strong></span> <span class='ocrx_word' id='word_1_407' title='bbox 1586 2670 1659 2742; x_wconf 89' lang='lat' dir='ltr'><strong>quia</strong></span> <span class='ocrx_word' id='word_1_408' title='bbox 1682 2672 1807 2730; x_wconf 80' lang='lat' dir='ltr'><strong>veniens</strong></span> 
     </span>
     <span class='ocr_line' id='line_1_67' title="bbox 983 2757 1807 2828; baseline 0.011 -17"><span class='ocrx_word' id='word_1_409' title='bbox 983 2762 1048 2828; x_wconf 84' lang='lat' dir='ltr'><strong>post</strong></span> <span class='ocrx_word' id='word_1_410' title='bbox 1063 2761 1123 2812; x_wconf 88' lang='lat' dir='ltr'><strong>tres</strong></span> <span class='ocrx_word' id='word_1_411' title='bbox 1139 2772 1232 2812; x_wconf 89' lang='lat' dir='ltr'><strong>annos</strong></span> <span class='ocrx_word' id='word_1_412' title='bbox 1248 2772 1305 2812; x_wconf 91' lang='lat' dir='ltr'><strong>non</strong></span> <span class='ocrx_word' id='word_1_413' title='bbox 1320 2757 1431 2813; x_wconf 85' lang='lat' dir='ltr'><strong>invenit</strong></span> <span class='ocrx_word' id='word_1_414' title='bbox 1446 2759 1576 2815; x_wconf 80' lang='lat' dir='ltr'><strong>fructum</strong></span> <span class='ocrx_word' id='word_1_415' title='bbox 1593 2760 1620 2815; x_wconf 91' lang='lat' dir='ltr'><strong>in</strong></span> <span class='ocrx_word' id='word_1_416' title='bbox 1637 2760 1703 2828; x_wconf 92' lang='lat' dir='ltr'><strong>illa,</strong></span> <span class='ocrx_word' id='word_1_417' title='bbox 1719 2762 1807 2820; x_wconf 84' lang='lat' dir='ltr'><strong>atille</strong></span> 
     </span>
     <span class='ocr_line' id='line_1_68' title="bbox 982 2846 1809 2923; baseline 0.005 -20"><span class='ocrx_word' id='word_1_418' title='bbox 982 2847 1102 2903; x_wconf 90' lang='lat' dir='ltr'><strong>domino</strong></span> <span class='ocrx_word' id='word_1_419' title='bbox 1118 2846 1328 2917; x_wconf 87' lang='lat' dir='ltr'><strong>respondisset,</strong></span> <span class='ocrx_word' id='word_1_420' title='bbox 1345 2853 1377 2902; x_wconf 92' lang='lat' dir='ltr'><strong>ut</strong></span> <span class='ocrx_word' id='word_1_421' title='bbox 1396 2848 1559 2904; x_wconf 88' lang='lat' dir='ltr'><strong>dimitteret</strong></span> <span class='ocrx_word' id='word_1_422' title='bbox 1583 2848 1666 2906; x_wconf 88' lang='lat' dir='ltr'><strong>illam</strong></span> <span class='ocrx_word' id='word_1_423' title='bbox 1693 2866 1748 2923; x_wconf 91' lang='lat' dir='ltr'><strong>per</strong></span> <span class='ocrx_word' id='word_1_424' title='bbox 1761 2868 1809 2909; x_wconf 90' lang='lat' dir='ltr'><strong>an·</strong></span> 
     </span>
     <span class='ocr_line' id='line_1_69' title="bbox 982 2935 1808 3010; baseline 0.007 -18"><span class='ocrx_word' id='word_1_425' title='bbox 982 2951 1066 3006; x_wconf 91' lang='lat' dir='ltr'><strong>uum,</strong></span> <span class='ocrx_word' id='word_1_426' title='bbox 1083 2950 1177 3006; x_wconf 89' lang='lat' dir='ltr'><strong>usque</strong></span> <span class='ocrx_word' id='word_1_427' title='bbox 1192 2936 1262 2991; x_wconf 90' lang='lat' dir='ltr'><strong>dum</strong></span> <span class='ocrx_word' id='word_1_428' title='bbox 1279 2935 1391 2993; x_wconf 89' lang='lat' dir='ltr'><strong>luderet</strong></span> <span class='ocrx_word' id='word_1_429' title='bbox 1406 2936 1484 2993; x_wconf 92' lang='lat' dir='ltr'><strong>ciroa</strong></span> <span class='ocrx_word' id='word_1_430' title='bbox 1507 2937 1614 3010; x_wconf 89' lang='lat' dir='ltr'><strong>ipsam,</strong></span> <span class='ocrx_word' id='word_1_431' title='bbox 1630 2944 1660 2996; x_wconf 85' lang='lat' dir='ltr'><strong>et</strong></span> <span class='ocrx_word' id='word_1_432' title='bbox 1674 2941 1808 3000; x_wconf 83' lang='lat' dir='ltr'><strong>mitteret</strong></span> 
     </span>
     <span class='ocr_line' id='line_1_70' title="bbox 984 3024 1809 3105; baseline 0.01 -25"><span class='ocrx_word' id='word_1_433' title='bbox 984 3030 1123 3092; x_wconf 86' lang='lat' dir='ltr'><strong>stercora,</strong></span> <span class='ocrx_word' id='word_1_434' title='bbox 1139 3029 1168 3080; x_wconf 90' lang='lat' dir='ltr'><strong>at</strong></span> <span class='ocrx_word' id='word_1_435' title='bbox 1191 3024 1338 3097; x_wconf 84' lang='lat' dir='ltr'><strong>siquidem</strong></span> <span class='ocrx_word' id='word_1_436' title='bbox 1363 3025 1471 3082; x_wconf 89' lang='lat' dir='ltr'><strong>lacerat</strong></span> <span class='ocrx_word' id='word_1_437' title='bbox 1495 3027 1637 3095; x_wconf 90' lang='lat' dir='ltr'><strong>lructum,</strong></span> <span class='ocrx_word' id='word_1_438' title='bbox 1662 3028 1809 3105; x_wconf 88' lang='lat' dir='ltr'><strong>alioquin,</strong></span> 
     </span>
     <span class='ocr_line' id='line_1_71' title="bbox 983 3112 1809 3183; baseline 0.008 -13"><span class='ocrx_word' id='word_1_439' title='bbox 983 3131 1047 3171; x_wconf 92' lang='lat' dir='ltr'><strong>eam</strong></span> <span class='ocrx_word' id='word_1_440' title='bbox 1061 3112 1225 3170; x_wconf 85' lang='lat' dir='ltr'><strong>succideret</strong></span> <span class='ocrx_word' id='word_1_441' title='bbox 1248 3115 1277 3169; x_wconf 91' lang='lat' dir='ltr'><strong>in</strong></span> <span class='ocrx_word' id='word_1_442' title='bbox 1295 3117 1446 3183; x_wconf 85' lang='lat' dir='ltr'><strong>luturum;</strong></span> <span class='ocrx_word' id='word_1_443' title='bbox 1463 3116 1560 3172; x_wconf 88' lang='lat' dir='ltr'><strong>adhue</strong></span> <span class='ocrx_word' id='word_1_444' title='bbox 1586 3117 1684 3175; x_wconf 88' lang='lat' dir='ltr'><strong>eidem</strong></span> <span class='ocrx_word' id='word_1_445' title='bbox 1711 3120 1809 3180; x_wconf 82' lang='lat' dir='ltr'><strong>arabi-</strong></span> 
     </span>
     <span class='ocr_line' id='line_1_72' title="bbox 981 3203 1808 3277; baseline 0.011 -18"><span class='ocrx_word' id='word_1_446' title='bbox 981 3203 1128 3276; x_wconf 89' lang='lat' dir='ltr'><strong>spiecopo,</strong></span> <span class='ocrx_word' id='word_1_447' title='bbox 1144 3203 1220 3260; x_wconf 84' lang='lat' dir='ltr'><strong>circe</strong></span> <span class='ocrx_word' id='word_1_448' title='bbox 1237 3220 1325 3277; x_wconf 87' lang='lat' dir='ltr'><strong>quem</strong></span> <span class='ocrx_word' id='word_1_449' title='bbox 1342 3204 1469 3261; x_wconf 88' lang='lat' dir='ltr'><strong>ludimus</strong></span> <span class='ocrx_word' id='word_1_450' title='bbox 1493 3207 1706 3266; x_wconf 86' lang='lat' dir='ltr'><strong>comminando</strong></span> <span class='ocrx_word' id='word_1_451' title='bbox 1720 3214 1751 3267; x_wconf 89' lang='lat' dir='ltr'><strong>et</strong></span> <span class='ocrx_word' id='word_1_452' title='bbox 1763 3211 1808 3268; x_wconf 93' lang='lat' dir='ltr'><strong>in·</strong></span> 
     </span>
     <span class='ocr_line' id='line_1_73' title="bbox 979 3293 1807 3367; baseline 0.011 -17"><span class='ocrx_word' id='word_1_453' title='bbox 979 3295 1136 3367; x_wconf 85' lang='lat' dir='ltr'><strong>crepando,</strong></span> <span class='ocrx_word' id='word_1_454' title='bbox 1152 3299 1181 3349; x_wconf 87' lang='lat' dir='ltr'><strong>et</strong></span> <span class='ocrx_word' id='word_1_455' title='bbox 1194 3293 1330 3350; x_wconf 89' lang='lat' dir='ltr'><strong>misimus</strong></span> <span class='ocrx_word' id='word_1_456' title='bbox 1340 3300 1471 3351; x_wconf 89' lang='lat' dir='ltr'><strong>stercora</strong></span> <span class='ocrx_word' id='word_1_457' title='bbox 1485 3300 1703 3356; x_wconf 86' lang='lat' dir='ltr'><strong>commanendo</strong></span> <span class='ocrx_word' id='word_1_458' title='bbox 1715 3306 1745 3357; x_wconf 87' lang='lat' dir='ltr'><strong>at</strong></span> <span class='ocrx_word' id='word_1_459' title='bbox 1759 3318 1807 3358; x_wconf 84' lang='lat' dir='ltr'><strong>sx-</strong></span> 
     </span>
     <span class='ocr_line' id='line_1_74' title="bbox 980 3382 1808 3456; baseline 0.008 -15"><span class='ocrx_word' id='word_1_460' title='bbox 980 3384 1134 3452; x_wconf 88' lang='lat' dir='ltr'><strong>hortando,</strong></span> <span class='ocrx_word' id='word_1_461' title='bbox 1151 3382 1301 3453; x_wconf 77' lang='lat' dir='ltr'><strong>amplioris</strong></span> <span class='ocrx_word' id='word_1_462' title='bbox 1311 3384 1456 3456; x_wconf 89' lang='lat' dir='ltr'><strong>temporis</strong></span> <span class='ocrx_word' id='word_1_463' title='bbox 1467 3386 1596 3456; x_wconf 90' lang='lat' dir='ltr'><strong>apetium</strong></span> <span class='ocrx_word' id='word_1_464' title='bbox 1612 3388 1808 3448; x_wconf 83' lang='lat' dir='ltr'><strong>duximuaiu·</strong></span> 
     </span>
     <span class='ocr_line' id='line_1_75' title="bbox 979 3473 1806 3546; baseline 0.008 -15"><span class='ocrx_word' id='word_1_465' title='bbox 979 3473 1159 3545; x_wconf 91' lang='lat' dir='ltr'><strong>dulgandum</strong></span> <span class='ocrx_word' id='word_1_466' title='bbox 1184 3477 1216 3528; x_wconf 92' lang='lat' dir='ltr'><strong>ut</strong></span> <span class='ocrx_word' id='word_1_467' title='bbox 1241 3474 1401 3546; x_wconf 90' lang='lat' dir='ltr'><strong>probemus</strong></span> <span class='ocrx_word' id='word_1_468' title='bbox 1423 3480 1523 3531; x_wconf 90' lang='lat' dir='ltr'><strong>utram</strong></span> <span class='ocrx_word' id='word_1_469' title='bbox 1551 3476 1682 3533; x_wconf 85' lang='lat' dir='ltr'><strong>tractum</strong></span> <span class='ocrx_word' id='word_1_470' title='bbox 1702 3479 1806 3538; x_wconf 79' lang='lat' dir='ltr'><strong>aderat</strong></span> 
     </span>
     <span class='ocr_line' id='line_1_76' title="bbox 980 3563 1807 3639; baseline 0.008 -18"><span class='ocrx_word' id='word_1_471' title='bbox 980 3565 1212 3638; x_wconf 68' lang='lat' dir='ltr'><strong>repromissum</strong></span> <span class='ocrx_word' id='word_1_472' title='bbox 1229 3568 1268 3628; x_wconf 80' lang='lat' dir='ltr'><strong>et.</strong></span> <span class='ocrx_word' id='word_1_473' title='bbox 1284 3563 1307 3618; x_wconf 89' lang='lat' dir='ltr'><strong>ai</strong></span> <span class='ocrx_word' id='word_1_474' title='bbox 1324 3563 1395 3619; x_wconf 83' lang='lat' dir='ltr'><strong>torte</strong></span> <span class='ocrx_word' id='word_1_475' title='bbox 1410 3564 1539 3623; x_wconf 83' lang='lat' dir='ltr'><strong>tractum</strong></span> <span class='ocrx_word' id='word_1_476' title='bbox 1558 3583 1614 3623; x_wconf 93' lang='lat' dir='ltr'><strong>uon</strong></span> <span class='ocrx_word' id='word_1_477' title='bbox 1631 3566 1746 3639; x_wconf 84' lang='lat' dir='ltr'><strong>iecerit,</strong></span> <span class='ocrx_word' id='word_1_478' title='bbox 1763 3587 1807 3628; x_wconf 82' lang='lat' dir='ltr'><strong>aa·</strong></span> 
     </span>
     <span class='ocr_line' id='line_1_77' title="bbox 980 3653 1806 3732; baseline 0.008 -22"><span class='ocrx_word' id='word_1_479' title='bbox 980 3654 1073 3711; x_wconf 90' lang='lat' dir='ltr'><strong>curim</strong></span> <span class='ocrx_word' id='word_1_480' title='bbox 1084 3654 1119 3710; x_wconf 88' lang='lat' dir='ltr'><strong>ad</strong></span> <span class='ocrx_word' id='word_1_481' title='bbox 1134 3653 1259 3709; x_wconf 88' lang='lat' dir='ltr'><strong>radicem</strong></span> <span class='ocrx_word' id='word_1_482' title='bbox 1272 3653 1459 3710; x_wconf 76' lang='lat' dir='ltr'><strong>infructuose</strong></span> <span class='ocrx_word' id='word_1_483' title='bbox 1470 3655 1583 3713; x_wconf 89' lang='lat' dir='ltr'><strong>arboris</strong></span> <span class='ocrx_word' id='word_1_484' title='bbox 1590 3657 1706 3725; x_wconf 74' lang='lat' dir='ltr'><strong>iustius</strong></span> <span class='ocrx_word' id='word_1_485' title='bbox 1716 3677 1806 3732; x_wconf 91' lang='lat' dir='ltr'><strong>appo·</strong></span> 
     </span>
     <span class='ocr_line' id='line_1_78' title="bbox 980 3742 1806 3816; baseline 0.01 -16"><span class='ocrx_word' id='word_1_486' title='bbox 980 3760 1098 3800; x_wconf 90' lang='lat' dir='ltr'><strong>namus.</strong></span> <span class='ocrx_word' id='word_1_487' title='bbox 1116 3743 1217 3798; x_wconf 82' lang='lat' dir='ltr'><strong>Eidem</strong></span> <span class='ocrx_word' id='word_1_488' title='bbox 1233 3758 1303 3815; x_wconf 90' lang='lat' dir='ltr'><strong>ergo</strong></span> <span class='ocrx_word' id='word_1_489' title='bbox 1319 3742 1454 3800; x_wconf 87' lang='lat' dir='ltr'><strong>districte</strong></span> <span class='ocrx_word' id='word_1_490' title='bbox 1471 3744 1672 3816; x_wconf 69' lang='lat' dir='ltr'><strong>praecipimus,</strong></span> <span class='ocrx_word' id='word_1_491' title='bbox 1687 3753 1733 3815; x_wconf 90' lang='lat' dir='ltr'><strong>ut,</strong></span> <span class='ocrx_word' id='word_1_492' title='bbox 1750 3766 1806 3807; x_wconf 83' lang='lat' dir='ltr'><strong>nou</strong></span> 
     </span>
    </p>
   </div>
   <div class='ocr_carea' id='block_1_14' title="bbox 101 3772 927 4023">
    <p class='ocr_par' dir='ltr' id='par_1_17' title="bbox 101 3772 927 4023">
     <span class='ocr_line' id='line_1_79' title="bbox 425 3772 606 3844; baseline 0.006 -17"><span class='ocrx_word' id='word_1_493' title='bbox 425 3772 503 3829; x_wconf 85' lang='lat' dir='ltr'><strong>txvt</strong></span> <span class='ocrx_word' id='word_1_494' title='bbox 523 3773 606 3844; x_wconf 78' lang='grc'><strong>(303).</strong></span> 
     </span>
     <span class='ocr_line' id='line_1_80' title="bbox 101 3863 927 3935; baseline -0.005 -14"><span class='ocrx_word' id='word_1_495' title='bbox 101 3880 206 3922; x_wconf 78' lang='lat' dir='ltr'><strong>senari</strong></span> <span class='ocrx_word' id='word_1_496' title='bbox 222 3878 412 3919; x_wconf 80' lang='lat' dir='ltr'><strong>crsrnncrassr</strong></span> <span class='ocrx_word' id='word_1_497' title='bbox 428 3863 513 3929; x_wconf 83' lang='grc'><strong>1301),</strong></span> <span class='ocrx_word' id='word_1_498' title='bbox 530 3879 557 3917; x_wconf 82' lang='lat' dir='ltr'><strong>e.</strong></span> <span class='ocrx_word' id='word_1_499' title='bbox 575 3879 610 3917; x_wconf 87' lang='lat' dir='ltr'><strong>ne</strong></span> <span class='ocrx_word' id='word_1_500' title='bbox 630 3877 825 3919; x_wconf 75' lang='lat' dir='ltr'><strong>caereo-novo</strong></span> <span class='ocrx_word' id='word_1_501' title='bbox 843 3863 927 3935; x_wconf 88' lang='grc'><strong>(305),</strong></span> 
     </span>
     <span class='ocr_line' id='line_1_81' title="bbox 173 3954 854 4023; baseline -0.004 -14"><span class='ocrx_word' id='word_1_502' title='bbox 173 3969 274 4009; x_wconf 74' lang='lat' dir='ltr'><strong>rasam</strong></span> <span class='ocrx_word' id='word_1_503' title='bbox 292 3970 319 4007; x_wconf 86' lang='lat' dir='ltr'><strong>n.</strong></span> <span class='ocrx_word' id='word_1_504' title='bbox 337 3954 422 4023; x_wconf 72' lang='lat'><strong>(305‘)</strong></span> <span class='ocrx_word' id='word_1_505' title='bbox 438 3967 616 4007; x_wconf 74' lang='lat' dir='ltr'><strong>aeosroarcm</strong></span> <span class='ocrx_word' id='word_1_506' title='bbox 636 3967 854 4009; x_wconf 79' lang='lat' dir='ltr'><strong>asciscebaris.</strong></span> 
     </span>
    </p>
   </div>
   <div class='ocr_carea' id='block_1_15' title="bbox 100 4036 927 4185">
    <p class='ocr_par' dir='ltr' id='par_1_18' title="bbox 100 4036 927 4185">
     <span class='ocr_line' id='line_1_82' title="bbox 100 4036 927 4109; baseline -0.004 -9"><span class='ocrx_word' id='word_1_507' title='bbox 100 4043 209 4100; x_wconf 64' lang='lat' dir='ltr'><strong>deridet</strong></span> <span class='ocrx_word' id='word_1_508' title='bbox 223 4059 257 4098; x_wconf 83' lang='lat' dir='ltr'><strong>rte</strong></span> <span class='ocrx_word' id='word_1_509' title='bbox 271 4041 511 4109; x_wconf 66' lang='lat' dir='ltr'><strong>archiepiscopum</strong></span> <span class='ocrx_word' id='word_1_510' title='bbox 536 4036 741 4097; x_wconf 74' lang='lat' dir='ltr'><strong>Narbonensem</strong></span> <span class='ocrx_word' id='word_1_511' title='bbox 762 4043 795 4097; x_wconf 79' lang='lat' dir='ltr'><strong>oi</strong></span> <span class='ocrx_word' id='word_1_512' title='bbox 816 4059 848 4098; x_wconf 82' lang='lat' dir='ltr'><strong>ea</strong></span> <span class='ocrx_word' id='word_1_513' title='bbox 869 4041 927 4097; x_wconf 83' lang='lat' dir='ltr'><strong>rri-</strong></span> 
     </span>
     <span class='ocr_line' id='line_1_83' title="bbox 136 4113 926 4185; baseline -0.001 -14"><span class='ocrx_word' id='word_1_514' title='bbox 136 4118 213 4171; x_wconf 68' lang='lat' dir='ltr'><strong>mirra</strong></span> <span class='ocrx_word' id='word_1_515' title='bbox 229 4115 262 4169; x_wconf 72' lang='lat' dir='ltr'><strong>ie</strong></span> <span class='ocrx_word' id='word_1_516' title='bbox 277 4113 375 4184; x_wconf 71' lang='lat' dir='ltr'><strong>paribus</strong></span> <span class='ocrx_word' id='word_1_517' title='bbox 397 4115 537 4169; x_wconf 83' lang='lat' dir='ltr'><strong>conuictus</strong></span> <span class='ocrx_word' id='word_1_518' title='bbox 555 4123 632 4179; x_wconf 80' lang='lat' dir='ltr'><strong>esset,</strong></span> <span class='ocrx_word' id='word_1_519' title='bbox 649 4114 774 4168; x_wconf 80' lang='lat' dir='ltr'><strong>molestia</strong></span> <span class='ocrx_word' id='word_1_520' title='bbox 791 4115 926 4185; x_wconf 68' lang='lat' dir='ltr'><strong>afficiant,</strong></span> 
     </span>
    </p>
   </div>
   <div class='ocr_carea' id='block_1_16' title="bbox 96 3831 1809 5341">
    <p class='ocr_par' dir='ltr' id='par_1_19' title="bbox 96 3831 1809 5341">
     <span class='ocr_line' id='line_1_84' title="bbox 980 3831 1808 3906; baseline 0.011 -19"><span class='ocrx_word' id='word_1_521' title='bbox 980 3834 1169 3906; x_wconf 88' lang='lat' dir='ltr'><strong>pecuniarum</strong></span> <span class='ocrx_word' id='word_1_522' title='bbox 1187 3831 1235 3886; x_wconf 85' lang='lat' dir='ltr'><strong>sed</strong></span> <span class='ocrx_word' id='word_1_523' title='bbox 1253 3831 1419 3887; x_wconf 88' lang='lat' dir='ltr'><strong>animarum</strong></span> <span class='ocrx_word' id='word_1_524' title='bbox 1432 3832 1523 3888; x_wconf 89' lang='lat' dir='ltr'><strong>lucris</strong></span> <span class='ocrx_word' id='word_1_525' title='bbox 1538 3833 1808 3901; x_wconf 82' lang='lat' dir='ltr'><strong>insistens,illinitls</strong></span> 
     </span>
     <span class='ocr_line' id='line_1_85' title="bbox 980 3919 1807 3995; baseline 0.007 -16"><span class='ocrx_word' id='word_1_526' title='bbox 980 3921 1181 3980; x_wconf 85' lang='lat' dir='ltr'><strong>exactionibus</strong></span> <span class='ocrx_word' id='word_1_527' title='bbox 1195 3931 1225 3974; x_wconf 87' lang='lat' dir='ltr'><strong>et</strong></span> <span class='ocrx_word' id='word_1_528' title='bbox 1239 3919 1350 3992; x_wconf 88' lang='lat' dir='ltr'><strong>iniquis</strong></span> <span class='ocrx_word' id='word_1_529' title='bbox 1370 3922 1558 3979; x_wconf 88' lang='lat' dir='ltr'><strong>commerciis</strong></span> <span class='ocrx_word' id='word_1_530' title='bbox 1571 3940 1643 3981; x_wconf 76' lang='lat' dir='ltr'><strong>nan</strong></span> <span class='ocrx_word' id='word_1_531' title='bbox 1662 3925 1807 3995; x_wconf 86' lang='lat' dir='ltr'><strong>intendat,</strong></span> 
     </span>
     <span class='ocr_line' id='line_1_86' title="bbox 980 4009 1808 4091; baseline 0.008 -23"><span class='ocrx_word' id='word_1_532' title='bbox 980 4013 1043 4077; x_wconf 90' lang='lat' dir='ltr'><strong>sed,</strong></span> <span class='ocrx_word' id='word_1_533' title='bbox 1058 4012 1093 4067; x_wconf 91' lang='lat' dir='ltr'><strong>ad</strong></span> <span class='ocrx_word' id='word_1_534' title='bbox 1110 4009 1341 4081; x_wconf 83' lang='lat' dir='ltr'><strong>hospitalitatem</strong></span> <span class='ocrx_word' id='word_1_535' title='bbox 1358 4027 1389 4066; x_wconf 88' lang='lat' dir='ltr'><strong>sa</strong></span> <span class='ocrx_word' id='word_1_536' title='bbox 1405 4010 1562 4084; x_wconf 83' lang='lat' dir='ltr'><strong>diligenter</strong></span> <span class='ocrx_word' id='word_1_537' title='bbox 1589 4030 1744 4082; x_wconf 87' lang='lat' dir='ltr'><strong>exercens,</strong></span> <span class='ocrx_word' id='word_1_538' title='bbox 1760 4035 1808 4091; x_wconf 89' lang='lat' dir='ltr'><strong>pe·</strong></span> 
     </span>
     <span class='ocr_line' id='line_1_87' title="bbox 980 4098 1808 4176; baseline 0.005 -18"><span class='ocrx_word' id='word_1_539' title='bbox 980 4098 1104 4173; x_wconf 89' lang='lat' dir='ltr'><strong>regrinis</strong></span> <span class='ocrx_word' id='word_1_540' title='bbox 1120 4104 1149 4156; x_wconf 90' lang='lat' dir='ltr'><strong>et</strong></span> <span class='ocrx_word' id='word_1_541' title='bbox 1162 4098 1366 4171; x_wconf 81' lang='lat' dir='ltr'><strong>indigentibus</strong></span> <span class='ocrx_word' id='word_1_542' title='bbox 1384 4098 1484 4170; x_wconf 86' lang='lat' dir='ltr'><strong>largus</strong></span> <span class='ocrx_word' id='word_1_543' title='bbox 1499 4100 1538 4156; x_wconf 89' lang='lat' dir='ltr'><strong>sit</strong></span> <span class='ocrx_word' id='word_1_544' title='bbox 1554 4108 1582 4158; x_wconf 86' lang='lat' dir='ltr'><strong>et</strong></span> <span class='ocrx_word' id='word_1_545' title='bbox 1599 4103 1763 4176; x_wconf 87' lang='lat' dir='ltr'><strong>benignus,</strong></span> <span class='ocrx_word' id='word_1_546' title='bbox 1778 4110 1808 4162; x_wconf 92' lang='lat' dir='ltr'><strong>ut</strong></span> 
     </span>
     <span class='ocr_line' id='line_1_88' title="bbox 136 4185 1806 4267; baseline 0.005 -24"><span class='ocrx_word' id='word_1_547' title='bbox 136 4190 253 4260; x_wconf 80' lang='lat' dir='ltr'><strong>estjam</strong></span> <span class='ocrx_word' id='word_1_548' title='bbox 266 4187 436 4258; x_wconf 66' lang='lat' dir='ltr'><strong>pioeiriteatiae</strong></span> <span class='ocrx_word' id='word_1_549' title='bbox 451 4185 564 4255; x_wconf 68' lang='lat' dir='ltr'><strong>&lt;torridae</strong></span> <span class='ocrx_word' id='word_1_550' title='bbox 579 4191 685 4253; x_wconf 82' lang='lat' dir='ltr'><strong>tempas</strong></span> <span class='ocrx_word' id='word_1_551' title='bbox 701 4187 802 4243; x_wconf 81' lang='lat' dir='ltr'><strong>tribuit</strong></span> <span class='ocrx_word' id='word_1_552' title='bbox 817 4187 902 4260; x_wconf 78' lang='grc'><strong>(300).</strong></span> <span class='ocrx_word' id='word_1_553' title='bbox 980 4195 1095 4263; x_wconf 88' lang='lat' dir='ltr'><strong>satagat</strong></span> <span class='ocrx_word' id='word_1_554' title='bbox 1108 4190 1223 4246; x_wconf 78' lang='lat' dir='ltr'><strong>visitare</strong></span> <span class='ocrx_word' id='word_1_555' title='bbox 1244 4187 1436 4258; x_wconf 86' lang='lat' dir='ltr'><strong>provinciam,</strong></span> <span class='ocrx_word' id='word_1_556' title='bbox 1463 4189 1611 4248; x_wconf 89' lang='lat' dir='ltr'><strong>celebrare</strong></span> <span class='ocrx_word' id='word_1_557' title='bbox 1635 4193 1806 4267; x_wconf 89' lang='lat' dir='ltr'><strong>conollium,</strong></span> 
     </span>
     <span class='ocr_line' id='line_1_89' title="bbox 330 4275 1809 4352; baseline 0.007 -21"><span class='ocrx_word' id='word_1_558' title='bbox 330 4278 452 4348; x_wconf 81' lang='lat' dir='ltr'><strong>(Rome,</strong></span> <span class='ocrx_word' id='word_1_559' title='bbox 466 4292 507 4332; x_wconf 84' lang='lat' dir='ltr'><strong>vir</strong></span> <span class='ocrx_word' id='word_1_560' title='bbox 523 4277 592 4332; x_wconf 88' lang='lat' dir='ltr'><strong>ldus</strong></span> <span class='ocrx_word' id='word_1_561' title='bbox 609 4275 698 4346; x_wconf 69' lang='lat' dir='ltr'><strong>Maii.)</strong></span> <span class='ocrx_word' id='word_1_562' title='bbox 981 4281 1107 4338; x_wconf 76' lang='lat' dir='ltr'><strong>hareses</strong></span> <span class='ocrx_word' id='word_1_563' title='bbox 1122 4293 1297 4351; x_wconf 82' lang='lat' dir='ltr'><strong>expugnare,</strong></span> <span class='ocrx_word' id='word_1_564' title='bbox 1324 4294 1463 4335; x_wconf 84' lang='lat' dir='ltr'><strong>excessus</strong></span> <span class='ocrx_word' id='word_1_565' title='bbox 1477 4280 1635 4352; x_wconf 89' lang='lat' dir='ltr'><strong>corrigere,</strong></span> <span class='ocrx_word' id='word_1_566' title='bbox 1654 4298 1689 4339; x_wconf 91' lang='lat' dir='ltr'><strong>ao</strong></span> <span class='ocrx_word' id='word_1_567' title='bbox 1704 4290 1809 4342; x_wconf 83' lang='lat' dir='ltr'><strong>catera</strong></span> 
     </span>
     <span class='ocr_line' id='line_1_90' title="bbox 136 4365 1806 4444; baseline 0.003 -20"><span class='ocrx_word' id='word_1_568' title='bbox 136 4366 409 4440; x_wconf 79' lang='lat' dir='ltr'><strong>Ejusexemplo,qui</strong></span> <span class='ocrx_word' id='word_1_569' title='bbox 421 4365 927 4440; x_wconf 82' lang='lat' dir='ltr'><strong>tacitnngelossuosspiritusetmi·</strong></span> <span class='ocrx_word' id='word_1_570' title='bbox 984 4369 1108 4441; x_wconf 83' lang='lat' dir='ltr'><strong>sperari,</strong></span> <span class='ocrx_word' id='word_1_571' title='bbox 1124 4384 1187 4438; x_wconf 81' lang='lat' dir='ltr'><strong>que</strong></span> <span class='ocrx_word' id='word_1_572' title='bbox 1202 4365 1328 4437; x_wconf 88' lang='lat' dir='ltr'><strong>requirit</strong></span> <span class='ocrx_word' id='word_1_573' title='bbox 1342 4366 1473 4422; x_wconf 79' lang='lat' dir='ltr'><strong>ol&#39;ticium</strong></span> <span class='ocrx_word' id='word_1_574' title='bbox 1499 4368 1657 4440; x_wconf 86' lang='lat' dir='ltr'><strong>pastorale,</strong></span> <span class='ocrx_word' id='word_1_575' title='bbox 1674 4371 1712 4427; x_wconf 90' lang='lat' dir='ltr'><strong>ad</strong></span> <span class='ocrx_word' id='word_1_576' title='bbox 1728 4370 1806 4444; x_wconf 85' lang='lat' dir='ltr'><strong>quod</strong></span> 
     </span>
     <span class='ocr_line' id='line_1_91' title="bbox 101 4431 1807 4530; baseline 0.001 -15"><span class='ocrx_word' id='word_1_577' title='bbox 101 4460 210 4516; x_wconf 88' lang='lat' dir='ltr'><strong>nistros</strong></span> <span class='ocrx_word' id='word_1_578' title='bbox 226 4476 296 4514; x_wconf 90' lang='lat' dir='ltr'><strong>suos</strong></span> <span class='ocrx_word' id='word_1_579' title='bbox 312 4459 410 4529; x_wconf 84' lang='lat' dir='ltr'><strong>ignem</strong></span> <span class='ocrx_word' id='word_1_580' title='bbox 427 4462 572 4524; x_wconf 86' lang='lat' dir='ltr'><strong>urentem,</strong></span> <span class='ocrx_word' id='word_1_581' title='bbox 586 4457 722 4514; x_wconf 85' lang='lat' dir='ltr'><strong>misimus</strong></span> <span class='ocrx_word' id='word_1_582' title='bbox 738 4457 858 4530; x_wconf 88' lang='lat' dir='ltr'><strong>angelus</strong></span> <span class='ocrx_word' id='word_1_583' title='bbox 873 4474 924 4512; x_wconf 92' lang='lat' dir='ltr'><strong>no·</strong></span> <span class='ocrx_word' id='word_1_584' title='bbox 940 4431 965 4498; x_wconf 72' lang='lat' dir='ltr'><strong>D</strong></span> <span class='ocrx_word' id='word_1_585' title='bbox 982 4455 1319 4527; x_wconf 87' lang='lat' dir='ltr'><strong>utiliterexsequendum</strong></span> <span class='ocrx_word' id='word_1_586' title='bbox 1331 4471 1396 4511; x_wconf 91' lang='lat' dir='ltr'><strong>eum</strong></span> <span class='ocrx_word' id='word_1_587' title='bbox 1407 4471 1474 4511; x_wconf 91' lang='lat' dir='ltr'><strong>cum</strong></span> <span class='ocrx_word' id='word_1_588' title='bbox 1485 4457 1579 4528; x_wconf 89' lang='lat' dir='ltr'><strong>gratia</strong></span> <span class='ocrx_word' id='word_1_589' title='bbox 1590 4464 1693 4514; x_wconf 84' lang='lat' dir='ltr'><strong>nostra</strong></span> <span class='ocrx_word' id='word_1_590' title='bbox 1705 4462 1807 4517; x_wconf 88' lang='lat' dir='ltr'><strong>ramit-</strong></span> 
     </span>
     <span class='ocr_line' id='line_1_92' title="bbox 100 4545 1808 4624; baseline 0.001 -18"><span class='ocrx_word' id='word_1_591' title='bbox 100 4560 178 4607; x_wconf 89' lang='lat' dir='ltr'><strong>stres</strong></span> <span class='ocrx_word' id='word_1_592' title='bbox 190 4550 218 4603; x_wconf 91' lang='lat' dir='ltr'><strong>in</strong></span> <span class='ocrx_word' id='word_1_593' title='bbox 232 4549 407 4621; x_wconf 83' lang='lat' dir='ltr'><strong>provinciam</strong></span> <span class='ocrx_word' id='word_1_594' title='bbox 417 4548 688 4612; x_wconf 72' lang='lat' dir='ltr'><strong>Narbonensemut</strong></span> <span class='ocrx_word' id='word_1_595' title='bbox 700 4549 925 4618; x_wconf 87' lang='lat' dir='ltr'><strong>urerentspinas</strong></span> <span class='ocrx_word' id='word_1_596' title='bbox 979 4549 1069 4605; x_wconf 82' lang='lat' dir='ltr'><strong>timus</strong></span> <span class='ocrx_word' id='word_1_597' title='bbox 1084 4551 1113 4601; x_wconf 91' lang='lat' dir='ltr'><strong>et</strong></span> <span class='ocrx_word' id='word_1_598' title='bbox 1128 4546 1233 4602; x_wconf 50' lang='lat' dir='ltr'><strong>intrare.</strong></span> <span class='ocrx_word' id='word_1_599' title='bbox 1249 4545 1402 4613; x_wconf 85' lang='lat' dir='ltr'><strong>Quocirca,</strong></span> <span class='ocrx_word' id='word_1_600' title='bbox 1426 4546 1596 4603; x_wconf 90' lang='lat' dir='ltr'><strong>discretioni</strong></span> <span class='ocrx_word' id='word_1_601' title='bbox 1622 4555 1730 4606; x_wconf 81' lang='lat' dir='ltr'><strong>vestras</strong></span> <span class='ocrx_word' id='word_1_602' title='bbox 1758 4566 1808 4624; x_wconf 87' lang='lat' dir='ltr'><strong>par</strong></span> 
     </span>
     <span class='ocr_line' id='line_1_93' title="bbox 101 4633 1805 4713; baseline 0.002 -20"><span class='ocrx_word' id='word_1_603' title='bbox 101 4643 130 4694; x_wconf 90' lang='lat' dir='ltr'><strong>st</strong></span> <span class='ocrx_word' id='word_1_604' title='bbox 140 4638 352 4708; x_wconf 85' lang='lat' dir='ltr'><strong>tribulos,quos</strong></span> <span class='ocrx_word' id='word_1_605' title='bbox 363 4642 441 4692; x_wconf 87' lang='lat' dir='ltr'><strong>terra</strong></span> <span class='ocrx_word' id='word_1_606' title='bbox 451 4637 595 4708; x_wconf 84' lang='lat' dir='ltr'><strong>germinat</strong></span> <span class='ocrx_word' id='word_1_607' title='bbox 607 4635 771 4694; x_wconf 84' lang='lat' dir='ltr'><strong>maledicte.</strong></span> <span class='ocrx_word' id='word_1_608' title='bbox 784 4638 838 4693; x_wconf 88' lang='lat' dir='ltr'><strong>Per</strong></span> <span class='ocrx_word' id='word_1_609' title='bbox 848 4637 925 4709; x_wconf 89' lang='lat' dir='ltr'><strong>lega·</strong></span> <span class='ocrx_word' id='word_1_610' title='bbox 979 4634 1139 4709; x_wconf 88' lang='lat' dir='ltr'><strong>apostolica</strong></span> <span class='ocrx_word' id='word_1_611' title='bbox 1154 4636 1264 4706; x_wconf 85' lang='lat' dir='ltr'><strong>scripta</strong></span> <span class='ocrx_word' id='word_1_612' title='bbox 1280 4633 1476 4706; x_wconf 78' lang='lat' dir='ltr'><strong>precipiendo</strong></span> <span class='ocrx_word' id='word_1_613' title='bbox 1495 4637 1685 4709; x_wconf 88' lang='lat' dir='ltr'><strong>mandamus,</strong></span> <span class='ocrx_word' id='word_1_614' title='bbox 1700 4646 1805 4713; x_wconf 85' lang='lat' dir='ltr'><strong>quate·</strong></span> 
     </span>
     <span class='ocr_line' id='line_1_94' title="bbox 101 4723 1807 4798; baseline 0.002 -16"><span class='ocrx_word' id='word_1_615' title='bbox 101 4728 258 4797; x_wconf 77' lang='lat' dir='ltr'><strong>tacitaque</strong></span> <span class='ocrx_word' id='word_1_616' title='bbox 272 4733 399 4794; x_wconf 85' lang='lat' dir='ltr'><strong>nostros,</strong></span> <span class='ocrx_word' id='word_1_617' title='bbox 411 4725 441 4781; x_wconf 92' lang='lat' dir='ltr'><strong>in</strong></span> <span class='ocrx_word' id='word_1_618' title='bbox 454 4726 585 4781; x_wconf 83' lang='lat' dir='ltr'><strong>eamdem</strong></span> <span class='ocrx_word' id='word_1_619' title='bbox 604 4726 782 4798; x_wconf 80' lang='lat' dir='ltr'><strong>provinciam</strong></span> <span class='ocrx_word' id='word_1_620' title='bbox 794 4727 926 4783; x_wconf 88' lang='lat' dir='ltr'><strong>destina·</strong></span> <span class='ocrx_word' id='word_1_621' title='bbox 979 4742 1036 4781; x_wconf 94' lang='lat' dir='ltr'><strong>nus</strong></span> <span class='ocrx_word' id='word_1_622' title='bbox 1051 4726 1085 4780; x_wconf 86' lang='lat' dir='ltr'><strong>ad</strong></span> <span class='ocrx_word' id='word_1_623' title='bbox 1101 4723 1162 4780; x_wconf 84' lang='lat' dir='ltr'><strong>haec</strong></span> <span class='ocrx_word' id='word_1_624' title='bbox 1185 4723 1341 4781; x_wconf 85' lang='lat' dir='ltr'><strong>salubriter</strong></span> <span class='ocrx_word' id='word_1_625' title='bbox 1363 4726 1526 4782; x_wconf 81' lang='lat' dir='ltr'><strong>exercenda</strong></span> <span class='ocrx_word' id='word_1_626' title='bbox 1550 4727 1577 4784; x_wconf 90' lang='lat' dir='ltr'><strong>ai</strong></span> <span class='ocrx_word' id='word_1_627' title='bbox 1600 4729 1763 4787; x_wconf 87' lang='lat' dir='ltr'><strong>eonsilium</strong></span> <span class='ocrx_word' id='word_1_628' title='bbox 1779 4733 1807 4787; x_wconf 91' lang='lat' dir='ltr'><strong>et</strong></span> 
     </span>
     <span class='ocr_line' id='line_1_95' title="bbox 101 4812 1804 4891; baseline 0.001 -18"><span class='ocrx_word' id='word_1_629' title='bbox 101 4822 157 4888; x_wconf 90' lang='lat' dir='ltr'><strong>tos,</strong></span> <span class='ocrx_word' id='word_1_630' title='bbox 165 4816 371 4871; x_wconf 74' lang='lat' dir='ltr'><strong>descendimus</strong></span> <span class='ocrx_word' id='word_1_631' title='bbox 382 4815 416 4869; x_wconf 90' lang='lat' dir='ltr'><strong>ad</strong></span> <span class='ocrx_word' id='word_1_632' title='bbox 427 4816 584 4870; x_wconf 83' lang='lat' dir='ltr'><strong>videndum</strong></span> <span class='ocrx_word' id='word_1_633' title='bbox 595 4821 694 4870; x_wconf 86' lang='lat' dir='ltr'><strong>utrum</strong></span> <span class='ocrx_word' id='word_1_634' title='bbox 705 4815 924 4889; x_wconf 85' lang='lat' dir='ltr'><strong>clamorom&#39;qui</strong></span> <span class='ocrx_word' id='word_1_635' title='bbox 979 4814 1120 4872; x_wconf 88' lang='lat' dir='ltr'><strong>auxilium</strong></span> <span class='ocrx_word' id='word_1_636' title='bbox 1135 4812 1323 4885; x_wconf 87' lang='lat' dir='ltr'><strong>impendatis,</strong></span> <span class='ocrx_word' id='word_1_637' title='bbox 1340 4818 1382 4881; x_wconf 91' lang='lat' dir='ltr'><strong>ut,</strong></span> <span class='ocrx_word' id='word_1_638' title='bbox 1402 4820 1498 4870; x_wconf 87' lang='lat' dir='ltr'><strong>restro</strong></span> <span class='ocrx_word' id='word_1_639' title='bbox 1513 4815 1634 4886; x_wconf 87' lang='lat' dir='ltr'><strong>adjutus</strong></span> <span class='ocrx_word' id='word_1_640' title='bbox 1651 4817 1804 4891; x_wconf 76' lang='lat' dir='ltr'><strong>sutfragia,</strong></span> 
     </span>
     <span class='ocr_line' id='line_1_96' title="bbox 102 4900 1804 4977; baseline 0.002 -17"><span class='ocrx_word' id='word_1_641' title='bbox 102 4903 685 4962; x_wconf 76' lang='lat' dir='ltr'><strong>canitadnosvenerabilislratcrnoster</strong></span> <span class='ocrx_word' id='word_1_642' title='bbox 688 4945 741 4961; x_wconf 91' lang='grc'><strong>.....</strong></span> <span class='ocrx_word' id='word_1_643' title='bbox 754 4905 925 4960; x_wconf 85' lang='lat' dir='ltr'><strong>Narbonen-</strong></span> <span class='ocrx_word' id='word_1_644' title='bbox 979 4902 1126 4962; x_wconf 89' lang='lat' dir='ltr'><strong>laudabile</strong></span> <span class='ocrx_word' id='word_1_645' title='bbox 1142 4919 1202 4959; x_wconf 79' lang='lat' dir='ltr'><strong>suns</strong></span> <span class='ocrx_word' id='word_1_646' title='bbox 1216 4900 1323 4957; x_wconf 88' lang='lat' dir='ltr'><strong>mentis</strong></span> <span class='ocrx_word' id='word_1_647' title='bbox 1339 4902 1627 4977; x_wconf 86' lang='lat' dir='ltr'><strong>propositum,quud</strong></span> <span class='ocrx_word' id='word_1_648' title='bbox 1644 4907 1732 4964; x_wconf 87' lang='lat' dir='ltr'><strong>nobis</strong></span> <span class='ocrx_word' id='word_1_649' title='bbox 1748 4924 1804 4965; x_wconf 93' lang='lat' dir='ltr'><strong>non</strong></span> 
     </span>
     <span class='ocr_line' id='line_1_97' title="bbox 101 4991 1805 5068; baseline 0.001 -15"><span class='ocrx_word' id='word_1_650' title='bbox 101 4997 143 5054; x_wconf 88' lang='lat' dir='ltr'><strong>eis</strong></span> <span class='ocrx_word' id='word_1_651' title='bbox 156 4995 399 5067; x_wconf 85' lang='lat' dir='ltr'><strong>arclriopiscopue</strong></span> <span class='ocrx_word' id='word_1_652' title='bbox 409 5009 494 5065; x_wconf 89' lang='lat' dir='ltr'><strong>opere</strong></span> <span class='ocrx_word' id='word_1_653' title='bbox 506 4993 775 5066; x_wconf 79' lang='lat' dir='ltr'><strong>cnuiplevirset,qui</strong></span> <span class='ocrx_word' id='word_1_654' title='bbox 788 4995 925 5067; x_wconf 82' lang='lat' dir='ltr'><strong>porviras</strong></span> <span class='ocrx_word' id='word_1_655' title='bbox 979 4995 1042 5052; x_wconf 87' lang='lat' dir='ltr'><strong>sina</strong></span> <span class='ocrx_word' id='word_1_656' title='bbox 1058 4992 1158 5050; x_wconf 91' lang='lat' dir='ltr'><strong>multis</strong></span> <span class='ocrx_word' id='word_1_657' title='bbox 1172 4991 1309 5064; x_wconf 77' lang='lat' dir='ltr'><strong>lacrymis</strong></span> <span class='ocrx_word' id='word_1_658' title='bbox 1325 4992 1474 5063; x_wconf 79' lang='lat' dir='ltr'><strong>reseravit,</strong></span> <span class='ocrx_word' id='word_1_659' title='bbox 1495 4994 1645 5052; x_wconf 86' lang='lat' dir='ltr'><strong>eillcaeiua</strong></span> <span class='ocrx_word' id='word_1_660' title='bbox 1660 5011 1805 5068; x_wconf 66' lang='lat' dir='ltr'><strong>exsatiata·</strong></span> 
     </span>
     <span class='ocr_line' id='line_1_98' title="bbox 96 5082 1807 5161; baseline 0.004 -20"><span class='ocrx_word' id='word_1_661' title='bbox 96 5088 225 5159; x_wconf 81' lang='lat' dir='ltr'><strong>J&#39;uratos,</strong></span> <span class='ocrx_word' id='word_1_662' title='bbox 246 5082 467 5156; x_wconf 80' lang='lat' dir='ltr'><strong>inquisitionem</strong></span> <span class='ocrx_word' id='word_1_663' title='bbox 485 5082 650 5154; x_wconf 89' lang='lat' dir='ltr'><strong>plenariam</strong></span> <span class='ocrx_word' id='word_1_664' title='bbox 673 5085 822 5149; x_wconf 87' lang='lat' dir='ltr'><strong>lenientes,</strong></span> <span class='ocrx_word' id='word_1_665' title='bbox 835 5086 925 5157; x_wconf 90' lang='lat' dir='ltr'><strong>depo·</strong></span> <span class='ocrx_word' id='word_1_666' title='bbox 978 5092 1036 5158; x_wconf 91' lang='lat' dir='ltr'><strong>tur,</strong></span> <span class='ocrx_word' id='word_1_667' title='bbox 1052 5087 1188 5143; x_wconf 90' lang='lat' dir='ltr'><strong>cumdem</strong></span> <span class='ocrx_word' id='word_1_668' title='bbox 1205 5084 1457 5157; x_wconf 87' lang='lat' dir='ltr'><strong>archiepiscopum</strong></span> <span class='ocrx_word' id='word_1_669' title='bbox 1481 5088 1594 5161; x_wconf 87' lang='lat' dir='ltr'><strong>absque</strong></span> <span class='ocrx_word' id='word_1_670' title='bbox 1622 5089 1807 5148; x_wconf 87' lang='lat' dir='ltr'><strong>conscientia</strong></span> 
     </span>
     <span class='ocr_line' id='line_1_99' title="bbox 101 5171 1805 5250; baseline 0.003 -18"><span class='ocrx_word' id='word_1_671' title='bbox 101 5176 222 5232; x_wconf 83' lang='lat' dir='ltr'><strong>sitiones</strong></span> <span class='ocrx_word' id='word_1_672' title='bbox 240 5191 338 5229; x_wconf 90' lang='lat' dir='ltr'><strong>corum</strong></span> <span class='ocrx_word' id='word_1_673' title='bbox 353 5173 416 5228; x_wconf 88' lang='lat' dir='ltr'><strong>suis</strong></span> <span class='ocrx_word' id='word_1_674' title='bbox 431 5171 564 5228; x_wconf 87' lang='lat' dir='ltr'><strong>inclusas</strong></span> <span class='ocrx_word' id='word_1_675' title='bbox 577 5172 683 5244; x_wconf 87' lang='lat' dir='ltr'><strong>sigillis</strong></span> <span class='ocrx_word' id='word_1_676' title='bbox 699 5175 784 5231; x_wconf 90' lang='lat' dir='ltr'><strong>nobis</strong></span> <span class='ocrx_word' id='word_1_677' title='bbox 801 5175 926 5230; x_wconf 90' lang='lat' dir='ltr'><strong>lldsliter</strong></span> <span class='ocrx_word' id='word_1_678' title='bbox 979 5183 1079 5234; x_wconf 87' lang='lat' dir='ltr'><strong>nostra</strong></span> <span class='ocrx_word' id='word_1_679' title='bbox 1095 5175 1262 5231; x_wconf 86' lang='lat' dir='ltr'><strong>nullatanus</strong></span> <span class='ocrx_word' id='word_1_680' title='bbox 1274 5174 1655 5250; x_wconf 87' lang='lat' dir='ltr'><strong>molestantes;esd,siquid</strong></span> <span class='ocrx_word' id='word_1_681' title='bbox 1670 5179 1805 5249; x_wconf 74' lang='lat' dir='ltr'><strong>lot-ailae,</strong></span> 
     </span>
     <span class='ocr_line' id='line_1_100' title="bbox 101 5261 1807 5341; baseline 0.003 -19"><span class='ocrx_word' id='word_1_682' title='bbox 101 5264 341 5334; x_wconf 80' lang='lat' dir='ltr'><strong>transmiserunt,</strong></span> <span class='ocrx_word' id='word_1_683' title='bbox 358 5278 409 5334; x_wconf 90' lang='lat' dir='ltr'><strong>per</strong></span> <span class='ocrx_word' id='word_1_684' title='bbox 424 5276 499 5334; x_wconf 88' lang='lat' dir='ltr'><strong>quae</strong></span> <span class='ocrx_word' id='word_1_685' title='bbox 525 5261 603 5318; x_wconf 90' lang='lat' dir='ltr'><strong>idem</strong></span> <span class='ocrx_word' id='word_1_686' title='bbox 630 5263 869 5336; x_wconf 87' lang='lat' dir='ltr'><strong>archiepiscopus</strong></span> <span class='ocrx_word' id='word_1_687' title='bbox 889 5264 925 5321; x_wconf 90' lang='lat' dir='ltr'><strong>da</strong></span> <span class='ocrx_word' id='word_1_688' title='bbox 979 5267 1057 5341; x_wconf 91' lang='lat' dir='ltr'><strong>quod</strong></span> <span class='ocrx_word' id='word_1_689' title='bbox 1073 5282 1130 5322; x_wconf 90' lang='lat' dir='ltr'><strong>non</strong></span> <span class='ocrx_word' id='word_1_690' title='bbox 1146 5263 1303 5333; x_wconf 85' lang='lat' dir='ltr'><strong>credimus,</strong></span> <span class='ocrx_word' id='word_1_691' title='bbox 1317 5268 1420 5320; x_wconf 90' lang='lat' dir='ltr'><strong>contra</strong></span> <span class='ocrx_word' id='word_1_692' title='bbox 1431 5265 1659 5337; x_wconf 88' lang='lat' dir='ltr'><strong>promissionem</strong></span> <span class='ocrx_word' id='word_1_693' title='bbox 1673 5283 1761 5327; x_wconf 85' lang='lat' dir='ltr'><strong>auam</strong></span> <span class='ocrx_word' id='word_1_694' title='bbox 1776 5273 1807 5327; x_wconf 87' lang='lat' dir='ltr'><strong>at</strong></span> 
     </span>
    </p>
   </div>
   <div class='ocr_carea' id='block_1_17' title="bbox 137 5421 880 5644">
    <p class='ocr_par' dir='ltr' id='par_1_20' title="bbox 137 5421 880 5644">
     <span class='ocr_line' id='line_1_101' title="bbox 138 5421 880 5497; baseline 0.001 -17"><span class='ocrx_word' id='word_1_695' title='bbox 138 5426 212 5497; x_wconf 85' lang='grc'><strong>(303)</strong></span> <span class='ocrx_word' id='word_1_696' title='bbox 229 5425 301 5479; x_wconf 84' lang='lat' dir='ltr'><strong>Vide</strong></span> <span class='ocrx_word' id='word_1_697' title='bbox 319 5421 515 5495; x_wconf 82' lang='lat' dir='ltr'><strong>ltnynaldum,</strong></span> <span class='ocrx_word' id='word_1_698' title='bbox 532 5424 568 5478; x_wconf 89' lang='lat' dir='ltr'><strong>ad</strong></span> <span class='ocrx_word' id='word_1_699' title='bbox 585 5439 695 5479; x_wconf 88' lang='lat' dir='ltr'><strong>annum</strong></span> <span class='ocrx_word' id='word_1_700' title='bbox 713 5424 792 5495; x_wconf 76' lang='grc'><strong>1200,</strong></span> <span class='ocrx_word' id='word_1_701' title='bbox 808 5425 880 5496; x_wconf 69' lang='lat'><strong>527.</strong></span> 
     </span>
     <span class='ocr_line' id='line_1_102' title="bbox 137 5495 796 5568; baseline 0.002 -16"><span class='ocrx_word' id='word_1_702' title='bbox 137 5499 208 5568; x_wconf 72' lang='grc'><strong>1301)</strong></span> <span class='ocrx_word' id='word_1_703' title='bbox 226 5496 295 5551; x_wconf 87' lang='lat' dir='ltr'><strong>Vide</strong></span> <span class='ocrx_word' id='word_1_704' title='bbox 312 5495 465 5565; x_wconf 82' lang='lat' dir='ltr'><strong>epistolam</strong></span> <span class='ocrx_word' id='word_1_705' title='bbox 482 5495 547 5551; x_wconf 92' lang='lat' dir='ltr'><strong>libri</strong></span> <span class='ocrx_word' id='word_1_706' title='bbox 564 5496 657 5568; x_wconf 83' lang='lat' dir='ltr'><strong>qtrinti</strong></span> <span class='ocrx_word' id='word_1_707' title='bbox 676 5497 718 5561; x_wconf 85' lang='grc'><strong>16,</strong></span> <span class='ocrx_word' id='word_1_708' title='bbox 736 5506 796 5554; x_wconf 87' lang='lat' dir='ltr'><strong>not.</strong></span> 
     </span>
     <span class='ocr_line' id='line_1_103' title="bbox 138 5567 770 5644; baseline 0.005 -21"><span class='ocrx_word' id='word_1_709' title='bbox 138 5568 258 5642; x_wconf 75' lang='lat'>(305-5&#39;)</span> <span class='ocrx_word' id='word_1_710' title='bbox 273 5574 314 5625; x_wconf 85' lang='lat' dir='ltr'><strong>De</strong></span> <span class='ocrx_word' id='word_1_711' title='bbox 329 5567 374 5624; x_wconf 79' lang='lat' dir='ltr'><strong>liis</strong></span> <span class='ocrx_word' id='word_1_712' title='bbox 387 5570 450 5640; x_wconf 87' lang='lat' dir='ltr'><strong>jam</strong></span> <span class='ocrx_word' id='word_1_713' title='bbox 465 5567 577 5626; x_wconf 88' lang='lat' dir='ltr'><strong>dietum</strong></span> <span class='ocrx_word' id='word_1_714' title='bbox 592 5573 638 5626; x_wconf 89' lang='lat' dir='ltr'><strong>est</strong></span> <span class='ocrx_word' id='word_1_715' title='bbox 651 5568 770 5644; x_wconf 77' lang='lat' dir='ltr'><strong>sepius.</strong></span> 
     </span>
    </p>
   </div>
   <div class='ocr_carea' id='block_1_18' title="bbox 978 5424 1805 5629">
    <p class='ocr_par' dir='ltr' id='par_1_21' title="bbox 978 5424 1805 5629">
     <span class='ocr_line' id='line_1_104' title="bbox 1012 5424 1805 5499; baseline 0.008 -15"><span class='ocrx_word' id='word_1_716' title='bbox 1012 5428 1086 5499; x_wconf 83' lang='grc'><strong>(300)</strong></span> <span class='ocrx_word' id='word_1_717' title='bbox 1102 5424 1289 5484; x_wconf 74' lang='lat' dir='ltr'><strong>conterendas</strong></span> <span class='ocrx_word' id='word_1_718' title='bbox 1305 5429 1375 5480; x_wconf 86' lang='lat' dir='ltr'><strong>aunt</strong></span> <span class='ocrx_word' id='word_1_719' title='bbox 1390 5426 1532 5498; x_wconf 85' lang='lat' dir='ltr'><strong>epistola,</strong></span> <span class='ocrx_word' id='word_1_720' title='bbox 1549 5427 1616 5485; x_wconf 89' lang='lat' dir='ltr'><strong>libri</strong></span> <span class='ocrx_word' id='word_1_721' title='bbox 1629 5429 1706 5488; x_wconf 78' lang='lat' dir='ltr'><strong>sexti</strong></span> <span class='ocrx_word' id='word_1_722' title='bbox 1722 5431 1757 5490; x_wconf 87' lang='lat' dir='ltr'><strong>st</strong></span> <span class='ocrx_word' id='word_1_723' title='bbox 1775 5436 1805 5490; x_wconf 84' lang='lat' dir='ltr'><strong>ai</strong></span> 
     </span>
     <span class='ocr_line' id='line_1_105' title="bbox 978 5497 1804 5629; baseline 0.01 -74"><span class='ocrx_word' id='word_1_724' title='bbox 978 5501 1050 5629; x_wconf 58' lang='grc' dir='ltr'><strong>Ξόἓς</strong></span> <span class='ocrx_word' id='word_1_725' title='bbox 1067 5499 1133 5557; x_wconf 89' lang='lat' dir='ltr'><strong>libri</strong></span> <span class='ocrx_word' id='word_1_726' title='bbox 1159 5497 1276 5570; x_wconf 84' lang='lat' dir='ltr'><strong>septimi</strong></span> <span class='ocrx_word' id='word_1_727' title='bbox 1303 5497 1350 5566; x_wconf 85' lang='grc'><strong>05,</strong></span> <span class='ocrx_word' id='word_1_728' title='bbox 1379 5499 1425 5571; x_wconf 90' lang='grc'><strong>70,</strong></span> <span class='ocrx_word' id='word_1_729' title='bbox 1453 5500 1498 5570; x_wconf 91' lang='grc'><strong>77,</strong></span> <span class='ocrx_word' id='word_1_730' title='bbox 1525 5502 1581 5572; x_wconf 77' lang='grc'><strong>70)</strong></span> <span class='ocrx_word' id='word_1_731' title='bbox 1609 5500 1679 5560; x_wconf 87' lang='lat' dir='ltr'><strong>llbri</strong></span> <span class='ocrx_word' id='word_1_732' title='bbox 1706 5502 1804 5562; x_wconf 81' lang='lat' dir='ltr'><strong>octavi</strong></span> 
     </span>
    </p>
   </div>
   <div class='ocr_carea' id='block_1_19' title="bbox 0 0 1894 6000">
    <p class='ocr_par' dir='ltr' id='par_1_22' title="bbox 0 0 1894 6000">
     <span class='ocr_line' id='line_1_106' title="bbox 0 0 1894 6000; baseline 0 0"><span class='ocrx_word' id='word_1_733' title='bbox 0 0 1894 6000; x_wconf 95' lang='lat' dir='ltr'><strong> </strong></span> 
     </span>
    </p>
   </div>
  </div>
 </body>
</html>
