3780 6000
66 268 138 324 1105
564 267 826 325 uoumurcs'rus
843 264 943 321 anuo
960 266 1010 332 xl,
1028 264 1173 321 onerem
1193 263 1273 322 1208.
1702 268 1774 327 1100
1817 272 1820 277 ’

393 391 565 449 cxxxvlii.
904 388 1037 456 Atatem
1051 386 1186 445 noscitur
1196 388 1337 458 tenuisse,
1352 388 1520 447 inhibentes
1534 390 1629 449 sidem
1646 407 1682 449 ue
1696 410 1772 467 prs·

65 498 187 539 rrsrorue
214 497 358 539 recussus
382 499 417 538 nr
431 497 531 538 saucrr
546 497 686 537 oaauours
701 496 831 549 nmsurs,
860 496 894 535 ur
945 478 1038 533 latum
1053 476 1660 554 Brunouemarehiepiscopum,ecclesias,
1675 482 1772 540 velot-

110 588 272 628 oararosrro
287 586 460 627 sarcrorsuu
473 585 682 627 aromomauu
698 585 847 627 concursu.
945 566 1067 624 vitatem
1082 569 1286 627 Coloniensem
1300 569 1346 627 vel
1367 569 1577 628 ministeriales
1602 572 1680 629 beati
1693 573 1771 630 Petri

68 661 257 719 committitur
270 661 312 718 eis
331 660 458 745 qsaedooa
477 675 561 744 sousa
586 659 793 731 arciepiscopi
816 658 893 716 Coto·

425 747 541 789 aimaro.

293 819 451 893 (Laterani,
468 818 559 892 urld.
574 818 665 892 Maii.)

98 931 156 1003 (38)
169 930 328 1001 Postquam
341 926 647 1000 idulphusquondnm
654 924 893 997 Coloniensiessar·

62 1016 894 1091 chlepiscopusiupraesenlislegatorumnostrorumJura·

62 1106 893 1182 vitnostrisparersmandatissuperiisproquibusiuerat
943 1105 1772 1182 nuntiantesuihllomlnusadcautelam‚quodetsidele·

63 1199 368 1257 excommunicatione
378 1202 508 1264 notatus,
520 1199 554 1254 ad
568 1197 752 1270 presentiam
764 1200 892 1252 nostram
942 1195 1000 1266 gali
1010 1194 1142 1268 praedicti
1152 1196 1189 1251 ad
1197 1196 1409 1268 depositionem
1420 1195 1515 1269 ipsine
1525 1197 1625 1255 minus
1639 1196 1771 1270 legitime

64 1286 220 1346 absolutus
236 1287 372 1357 accessit,
396 1291 425 1343 et
448 1302 566 1359 gravem
582 1285 731 1358 querelem
744 1285 893 1358 [exposuit
942 1285 1165 1358 processissent,
1181 1286 1261 1359 qaod
1271 1285 1329 1358 ipsi
1339 1289 1439 1343 tamen
1450 1285 1617 1344 inordinate
1632 1286 1770 1345 iecissent

65 1392 163 1435 coram
176 1376 264 1434 uobis
279 1377 357 1449 quod
382 1376 565 1433 venerabiles
594 1376 700 1432 fratres
727 1375 820 1432 uestri
844 1392 892 1432 sr-
943 1389 997 1429 uos
1007 1390 1165 1445 possemus
1180 1374 1274 1432 lacere
1284 1374 1430 1433 ordinate.
1442 1376 1584 1441 Quocirca
1599 1374 1770 1433 discretioni

65 1463 891 1540 chlepiscopuslisguntinusetCamsrecensisepisoopus
942 1461 1771 1537 restraperapoatolioascriptapraecipiendomandarnus

64 1571 98 1613 ao
113 1554 238 1612 dilectus
249 1553 329 1611 fliius
355 1555 498 1628 magister
525 1555 669 1612 Hearious
693 1552 891 1611 scholasticus
941 1556 1090 1623 quatenus
1105 1554 1184 1627 quod
1199 1571 1216 1609 a
1231 1552 1317 1611 nobis
1326 1551 1425 1610 taliter
1434 1554 1640 1626 estprovieum
1652 1552 1769 1611 iacietis

944 672 997 729 per
1011 672 1043 713 se
1057 659 1102 715 vel
1117 658 1274 731 paralium
1294 657 1451 717 molestare
1474 665 1645 733 presumat,
1671 662 1723 720 sed
1743 666 1772 721 et

943 746 1772 823 temporaliauniuersaquaeidemarohiepiaeopueobtinet

943 835 1000 893 sibi
1013 837 1115 895 etsule
1125 837 1155 895 iu
1171 854 1242 910 paee
1255 838 1398 898 dimittat.
1415 839 1556 897 Universa
1571 856 1641 897 vero
1655 857 1719 914 quse
1734 842 1771 899 de

942 926 1095 984 beneficiis
1105 927 1312 985 ecclesiasticis
1327 929 1364 985 ab
1380 929 1694 988 excommunicationis
1710 947 1770 988 sue
1865 964 1868 969 -

942 1021 1075 1088 tempore
1089 1017 1244 1075 attentavit
1259 1018 1289 1073 in
1304 1018 1423 1075 irritum
1439 1034 1621 1088 revocamus,
1637 1019 1692 1076 hoc
1706 1036 1771 1093 pro·
1867 1054 1870 1063 ·

61 1644 159 1701 Sancti
173 1643 312 1701 Gereonio
323 1643 425 1716 inique
440 1648 647 1717 processerant
668 1644 705 1700 ad
734 1642 890 1715 depositio·
942 1643 1116 1699 austeritate
1131 1647 1234 1702 nostra
1247 1643 1312 1701 sine
1326 1641 1522 1715 refragatione
1531 1642 1661 1716 qualibet
1674 1642 1770 1700 firmi·
1857 1680 1867 1687 -

61 1747 130 1790 nem
147 1733 252 1804 ipsius,
268 1736 330 1789 tum
346 1732 417 1805 quia
428 1733 559 1790 mandati
582 1732 676 1790 nostri
700 1733 775 1789 tinea
789 1749 888 1789 excas·
903 1763 928 1830 B
941 1733 988 1787 ter
1001 1730 1164 1802 observari,
1178 1731 1408 1790 eontmdiotores
1429 1747 1481 1804 per
1503 1748 1661 1790 censuram
1675 1732 1769 1791 eoele-

62 1827 174 1891 ssrant,
189 1826 253 1878 tum
265 1822 336 1894 quia
348 1822 425 1894 J'uris
439 1824 572 1879 ordinem
589 1839 646 1879 non
663 1823 888 1890 servarantad-
943 1816 1093 1876 siasticam
1127 1819 1324 1892 appellatione
1348 1819 1513 1893 postposita
1536 1823 1767 1895 compescentes.

59 1910 289 1983 Jieierrseossibi
305 1911 888 1983 luissemanifestesuspeotos‚etlitterae

64 2017 189 2071 quarum
205 2001 357 2057 occasione
373 2005 576 2072 processerant
603 2016 655 2073 per
671 2001 889 2073 expressionem

62 2090 201 2148 talsitatis
213 2096 242 2148 et
250 2090 384 2149 veritatis
398 2091 791 2163 suppressionemobteutae.
806 2090 888 2147 Unde

60 2181 177 2252 petebat
190 2183 222 2235 ut
237 2181 428 2252 dignaremur
439 2196 540 2237 eorum
559 2195 696 2236 revocare
717 2195 887 2252 processum

943 1907 1024 1973 onoc
1040 1909 1066 1965 si
1080 1922 1140 1965 non
1154 1924 1304 1967 omues...
1318 1910 1375 1965 duc
1389 1914 1532 1980 vestrum,
1547 1914 1605 1967 eto.

978 1996 1085 2055 llntum
1103 1998 1248 2070 laterani,
1264 2013 1296 2055 ru
1310 1998 1383 2057 ldus
1398 1998 1478 2067 ltaii,
1502 2014 1578 2057 anuo
1600 1997 1767 2058 undecimo.

1280 2086 1432 2145 LXXXIX.

1098 2191 1199 2233 marcu
1213 2191 1279 2233 asar
1293 2192 1452 2235 auomaurr
1466 2192 1609 2238 renuensr.

1159 2270 1200 2324 De
1213 2268 1324 2336 sepelio
1338 2268 1546 2324 cantuariensi.

1149 2356 1313 2427 (Anagniae,
1327 2373 1356 2412 vr
1368 2354 1433 2414 Kal.
1449 2355 1555 2429 lunii).

56 2270 215 2340 ipsumque
234 2270 263 2324 in
277 2284 345 2326 eum
362 2273 471 2325 etatum
499 2269 638 2325 reducere
657 2268 687 2324 iu
711 2285 770 2342 quo
793 2269 888 2325 luerat

58 2363 217 2430 autequam
257 2362 335 2414 esset
365 2357 396 2412 in
428 2374 496 2413 eum
535 2357 707 2428 hujusmodi
741 2358 887 2414 sententia

59 2446 257 2518 promulgate,
269 2447 397 2503 ollerens
413 2462 445 2502 se
467 2445 639 2518 prescripta
653 2445 754 2502 omnia
781 2446 886 2517 proba·
976 2443 1032 2514 (39)
1046 2442 1075 2499 ei
1099 2442 1257 2516 diligenter
1283 2445 1420 2503 attendas
1449 2446 1528 2520 quod
1543 2445 1570 2503 is
1584 2447 1635 2520 qui
1650 2463 1718 2504 oum
1733 2446 1764 2504 iu

56 2540 170 2591 turum.
186 2535 245 2607 lpsi
264 2552 333 2592 vero
359 2536 389 2591 in
420 2541 522 2591 nostra
550 2535 708 2607 prasentia
735 2533 887 2592 constituti
940 2531 1035 2591 torma
1050 2531 1102 2589 Dei
1117 2536 1206 2600 esset,
1221 2549 1279 2592 nou
1294 2535 1766 2607 rapinamarbitrstueesteseese
1788 2598 1798 2611 ,

56 2640 228 2697 processum
244 2640 332 2682 suum
348 2623 886 2696 multipliciterexcuseutes,asserue-
941 2619 1083 2692 equdem
1090 2620 1159 2692 Deo,
1167 2622 1362 2695 semetipsum
1375 2624 1546 2692 exinanivit,
1555 2625 1679 2683 formam
1689 2626 1766 2684 servi

57 2718 127 2770 runt
142 2714 201 2770 heo
216 2714 317 2771 omnia
331 2715 451 2787 penitus
465 2730 531 2771 esse
542 2712 628 2770 falsa.
640 2712 824 2770 Venerabilis
834 2730 886 2771 au·
940 2708 1099 2781 accipiens,
1115 2709 1211 2767 lactus
1224 2710 1364 2769 obediens
1381 2711 1439 2769 Dec
1451 2713 1531 2771 Patri
1542 2715 1677 2787 usquead
1687 2732 1765 2772 mor·

56 2804 214 2860 temlrater
224 2804 427 2861 nosterllruno
437 2802 620 2860 Coloniensi·
636 2802 886 2875 archiepiscopus,
940 2802 999 2855 tem
1014 2798 1122 2871 crucis,
1137 2799 1266 2872 prolecto
1281 2817 1340 2858 non
1350 2800 1529 2872 injuriosum
1541 2803 1591 2859 sed
1601 2802 1763 2875 gloriosum

57 2897 254 2965 contraquam
266 2892 363 2964 ipsius
374 2891 613 2964 adulphipetitio
624 2890 712 2964 dirigi
722 2891 885 2962 videbatur,
939 2887 1037 2960 potine
1053 2889 1204 2960 reputabis
1218 2904 1315 2947 eoram
1332 2906 1386 2947 suo
1401 2890 1458 2947 sibi
1475 2890 1627 2948 humiliari
1646 2891 1765 2965 vicario,

59 2996 118 3036 aon
133 2981 326 3038 contestando
339 2980 433 3047 litem,
450 2996 503 3036 nee
519 2979 710 3052 ingrediendo
724 2978 885 3051 judicium,
940 2977 992 3050 qui
1007 2981 1053 3035 est
1067 2978 1127 3035 Rex
1141 2993 1243 3051 regum
1258 2982 1286 3037 et
1300 2979 1445 3039 Dominus
1460 2979 1688 3050 dominantium,
1714 2997 1768 3054 per

55 3068 170 3126 elidens
185 3070 355 3141 petitionem
366 3070 609 3142 ipsius,quodam
621 3068 729 3141 oppido
744 3071 822 3141 quod
840 3069 886 3126 di·
940 3082 1027 3139 quem
1041 3067 1132 3125 etiam
1146 3084 1229 3139 reges
1245 3072 1370 3142 regnaut
1383 3073 1413 3127 et
1427 3069 1575 3141 principes
1596 3070 1768 3145 principan-

57 3160 134 3215 citur
144 3159 237 3217 ltuxta
247 3176 279 3215 se
289 3175 341 3231 per
351 3174 419 3216 sum
430 3157 556 3215 asseruit
570 3157 823 3230 spoliatum,uuod
834 3128 922 3232 perc
939 3160 999 3226 tur,
1014 3155 1062 3214 cui
1077 3157 1186 3215 servire
1198 3156 1273 3215 nihil
1288 3164 1333 3217 est
1346 3158 1427 3217 aliud
1443 3175 1531 3231 quam
1547 3175 1683 3233 regnare.
1709 3162 1768 3220 lieo

60 3247 231 3305 violentiam
242 3247 403 3304 detinebat.
420 3248 559 3305 ltueoum
574 3245 721 3319 spoliatus
732 3247 884 3318 spoliatori
939 3245 1168 3317 utiquetsutum
1184 3247 1227 3304 tui
1243 3248 1449 3320 Redemptoris
1468 3248 1636 3322 exemplum
1651 3250 1765 3323 regium

55 3335 885 3408 nondebeatseoundumcanonicassanctioneslnjudicio
939 3334 1026 3392 debet
1040 3335 1173 3392 animum
1189 3335 1375 3395 inclinarent
1388 3337 1418 3394 iu
1432 3354 1490 3410 quo
1506 3342 1534 3395 ie
1548 3354 1600 3411 pro
1615 3338 1667 3396 Dei
1682 3355 1764 3398 reve·

54 3424 516 3497 respondere,dleebstcumdem
525 3423 883 3496 Adulphumaudisudum
939 3423 1034 3480 rectia
1048 3424 1245 3483 ocrsmncbis
1270 3425 1430 3484 humiliare
1452 3426 1579 3500 coepisti,
1607 3426 1689 3484 aliud
1703 3445 1761 3487 non

54 3531 114 3572 uon
127 3530 192 3570 esse
203 3514 260 3571 nisi
274 3514 445 3587 pradictum
460 3514 518 3570 sibi
528 3519 608 3572 esset
615 3513 757 3587 oppidum
764 3514 884 3573 restitu-
938 3512 1064 3570 retineas
1075 3513 1153 3586 quod
1163 3511 1341 3571 humilitatis
1353 3514 1522 3586 hujusmodi
1533 3516 1653 3588 plenum
1662 3520 1763 3589 posset

54 3608 130 3660 tum.
141 3603 201 3660 Nos
216 3604 307 3676 igitur
321 3605 432 3660 auditis
446 3603 484 3660 iis
498 3608 528 3661 et
538 3603 605 3660 aliis
618 3620 683 3676 qua
694 3604 883 3678 luerepropo·
938 3600 1076 3659 meritum
1091 3601 1245 3674 impedire,
1261 3619 1314 3659 uec
1329 3605 1365 3660 ad
1377 3603 1595 3661 humiliandum
1605 3609 1635 3662 te
1646 3606 1702 3663 sub
1712 3622 1761 3679 po·

55 3695 112 3752 sita
127 3709 226 3750 coram
243 3693 339 3765 nobis,
355 3695 391 3750 de
404 3694 555 3751 communi
573 3694 696 3751 fratrum
714 3698 882 3751 nostrorum
937 3689 1106 3748 tentissime
1120 3706 1209 3747 mauu
1224 3691 1276 3748 Dei
1291 3692 1447 3751 contrariis
1458 3693 1613 3750 affectibus
1623 3693 1760 3766 capiaris,

54 3783 370 3841 consilioitaduximus
381 3783 788 3856 providendum‚utquonlam
795 3788 882 3841 sats·
936 3780 987 3837 sed
1003 3779 1081 3852 regis
1096 3795 1177 3837 mora
1192 3779 1345 3853 prudentis
1360 3782 1458 3838 naimo
1473 3782 1655 3855 dominatus,
1668 3788 1761 3841 totam

55 3873 93 3930 tis
105 3872 280 3929 imminente
296 3872 407 3928 terrore
428 3876 547 3944 propter
575 3871 652 3928 acris
676 3872 879 3945 intemperiem
935 3869 971 3926 ad
988 3867 1060 3926 illud
1076 3868 1208 3927 inflectas
1217 3869 1328 3927 arbitrii
1339 3868 1700 3940 libertatem,senteutiam
1710 3876 1761 3929 Sa·

52 3961 149 4019 neutri
160 3977 298 4019 securum
314 3961 497 4018 eratinurbe
508 3975 619 4017 meram
633 3961 805 4032 protrahere
816 3961 880 4019 lou·
933 3956 1759 4032 lomooisregumsapiauliesimiconsiderandodiceutie:
1803 3990 1806 3995 ·

51 4051 344 4124 giorem‚neiuterim
356 4049 624 4123 propterhocpacls
635 4051 879 4123 negotium,quod
933 4050 1083 4109 lletiorest
1094 4047 1272 4120 potismviro
1285 4049 1369 4120 torti,
1385 4054 1412 4107 et
1440 4056 1627 4123 expugnatore
1647 4051 1758 4107 artium

50 4140 474 4213 tractatureircaimperium,
501 4140 682 4210 turbaretur,
711 4141 877 4198 Adventum
931 4137 981 4209 pot
994 4137 1368 4209 ouimodomiuoturll’rov.
1391 4139 1460 4212 xvi).
1490 4140 1643 4211 ingredere
1657 4139 1758 4212 igitur,

51 4230 167 4287 Domini
177 4230 310 4302 proximo
325 4230 456 4286 laturum
470 4228 700 4301 peremptorium
716 4231 876 4287 termlnum
931 4226 974 4283 fili
988 4225 1190 4295 dilectissime,
1207 4228 1243 4283 ad
1255 4230 1449 4299 cortuum,st
1466 4229 1568 4285 urbem
1584 4228 1714 4287 hoellum
1727 4229 1757 4286 in

51 4319 168 4388 utrique
183 4318 373 4390 praefiximus,
389 4319 420 4375 iu
436 4335 495 4392 quo
510 4334 563 4391 per
574 4317 661 4374 sevel
673 4323 877 4388 procuratores
929 4315 1300 4389 ipsocoutrateaggredere
1312 4316 1757 4376 communitam.'rldmovecirca

52 4408 173 4465 idoneos
188 4413 288 4466 nostro
302 4426 334 4466 se
344 4411 514 4482 conspectui
531 4413 751 4480 repraesentent,
768 4413 800 4465 ut
814 4415 874 4467 tam
929 4404 1027 4477 ipsam
1043 4404 1134 4461 divini
1150 4403 1266 4461 timoris
1282 4404 1414 4473 arietem,
1430 4406 1582 4464 salutifero
1596 4407 1683 4478 ouJus
1697 4407 1755 4463 im·

53 4495 417 4568 superspoliationequam
429 4496 879 4570 aliissuperquibusouraverint
894 4487 916 4553 0
931 4492 1019 4564 pulsu
1034 4494 1176 4550 aduersus
1190 4496 1219 4549 te
1232 4492 1263 4550 in
1275 4493 1368 4566 teipso
1379 4494 1675 4553 consistentiacastra
1685 4512 1754 4553 oon-

53 4584 191 4659 prosequi
202 4600 321 4640 oausam
332 4590 553 4655 tuam,auctore
563 4586 879 4659 Domluoprocedamus
934 4581 1044 4654 lriugas
1060 4599 1068 4651 ;
1084 4585 1117 4640 ut
1131 4582 1251 4640 remotis
1266 4580 1419 4639 hostilium
1433 4584 1638 4641 machinarum
1653 4585 1754 4643 obsta·

53 4672 226 4731 sioutsuerit
236 4673 467 4744 procedendum,
483 4675 642 4746 predictus
666 4679 765 4734 sutem
780 4676 878 4733 Bruno
932 4670 1019 4742 culis,
1030 4670 1208 4728 contrariam
1218 4670 1271 4726 tibi
1287 4686 1383 4727 arcem
1399 4688 1521 4745 prorsus
1533 4689 1694 4748 expugnes,
1722 4691 1755 4731 ac

53 4761 293 4834 archiepiscopus
303 4761 540 4832 jurisdictionem
553 4764 831 4839 archiepiscopalem
846 4765 876 4822 in
932 4761 1052 4818 demum
1068 4760 1099 4817 ia
1112 4759 1167 4817 irae
1182 4759 1314 4817 interiori
1336 4777 1436 4834 pugna
1450 4760 1528 4821 idem
1543 4763 1606 4836 ipse
1621 4764 1713 4823 uictus
1727 4769 1757 4823 et

52 4850 191 4907 omnibus
205 4854 391 4922 exsequatur,
413 4854 442 4907 et
456 4851 584 4908 universi
599 4856 660 4909 tam
673 4852 773 4911 clerici
788 4869 877 4924 quam
931 4850 1032 4918 victor,
1047 4854 1172 4920 tyranno
1187 4849 1305 4921 penitus
1315 4849 1384 4907 inde
1398 4851 1510 4923 lugeto,
1522 4853 1696 4911 mentietuae
1707 4873 1756 4928 pa·

50 4939 138 5006 cives,
155 4938 375 5011 ministeriales,
400 4938 536 5009 barones,
553 4944 582 4996 et
604 4940 729 5010 nobiles,
745 4958 797 4997 seu
813 4941 878 5013 qui·
931 4938 1028 4996 cilices
1041 4938 1308 5010 civitatem,inqua
1321 4939 1495 4998 resideuset
1507 4941 1666 5015 praesidens
1677 4943 1756 5000 sicut

49 5028 124 5085 libet
138 5026 251 5085 ordinis
266 5027 472 5100 cujuscunque
488 5028 519 5084 iu
534 5026 699 5085 Coloniensi
729 5028 878 5100 provincia
931 5026 1082 5094 rex,olrea
1096 5027 1247 5100 negotium
1263 5029 1370 5102 dequo
1385 5030 1755 5101 agimusalleotumcarnls
1872 5078 1874 5083 .

48 5118 203 5176 constituti
214 5118 240 5173 ei
254 5116 705 5190 respondeantsuperouuetisiu
717 5117 877 5189 quibuste·
930 5116 987 5174 sub
1002 5114 1134 5175 dominio
1148 5115 1266 5189 redigas
1280 5116 1414 5175 rationis.
1430 5118 1599 5175 Gaudemus
1610 5121 1707 5175 autem
1722 5119 1753 5176 in

48 5208 111 5264 neri
129 5206 350 5279 archiepiscopo
364 5206 590 5279 dignoscuntur.
603 5210 797 5264 Memoratum
808 5223 876 5264 vero
931 5205 1054 5263 llomino
1063 5209 1093 5261 et
1102 5204 1132 5261 in
1144 5205 1276 5277 potentia
1288 5206 1405 5263 virtutis
1414 5207 1509 5279 ipsius
1519 5206 1597 5278 quod
1608 5206 1663 5264 hoo
1674 5207 1754 5265 salu·

48 5295 219 5368 adulphum
235 5295 407 5353 castrisillis
420 5313 478 5352 non
487 5295 796 5369 providimuaiaterim
807 5312 875 5368 spo·
929 5293 1754 5367 tilarrepugnemodovimtibitecumoonlligendolecisse

50 5382 186 5440 liandum
201 5399 266 5455 qus
279 5386 347 5440 ante
361 5383 575 5457 archiepiscopi
589 5383 740 5457 sepedicti
752 5382 877 5456 captivi·
929 5382 1038 5440 videris
1053 5382 1119 5453 (10),
1135 5389 1163 5439 et
1177 5381 1256 5439 cirea
1280 5382 1430 5455 negotium
1459 5382 1678 5445 Cantuarieusis
1698 5386 1753 5444 llo·
1854 5418 1857 5423 ·

100 5526 146 5596 38)
161 5523 233 5581 Vide
248 5524 391 5597 Rayuald.
404 5526 440 5582 ad
456 5542 524 5583 aun.
541 5527 621 5584 1206.
637 5524 653 5599 5
668 5526 713 5583 11.

965 5524 1021 5597 (lo)
1035 5524 1109 5582 Vide
1123 5524 1175 5583 tlh.
1190 5540 1230 5596 ιι,
1246 5522 1333 5597 epist.
1348 5525 1412 5582 220.

100 5598 146 5656 39)
160 5596 235 5655 Vide
249 5612 341 5669 euprs
354 5595 406 5654 lib.
421 5613 449 5664 x,
465 5599 549 5672 epist.
566 5598 633 5657 219.
