3780 6000
65 330 84 371 -.'
115 284 186 341 1505
614 281 875 339 eoaerstcst'es
893 278 993 336 ANNO
1010 276 1062 348 Xl,
1080 277 1225 333 CHRIS'll
1247 272 1328 330 1208.

72 439 90 481 ρ
115 406 288 465 dereximus
301 405 556 473 committendam,
578 403 675 462 dictes
690 405 814 462 alericus
824 408 892 477 post
905 402 943 459 li·
956 405 984 473 Α
1367 396 1445 455 CXC.

65 528 89 571 ‚r
114 496 154 554 tis
169 495 412 554 contestationem
434 494 567 552 chartam
592 495 754 567 quamdam
780 492 942 551 moneche-
1240 502 1343 544 anemo
1357 501 1574 543 rszosasaarrer.

65 618 87 661 Ξ
114 603 181 643 rum
197 585 330 659 ipsorum
346 585 547 643 continentem
568 600 705 657 expresse
730 584 808 655 qued
838 583 864 640 ei
880 581 941 654 pri·
1067 578 1224 651 suscipitur
1241 578 1292 633 seb
1309 573 1650 649 proiectioreeporioitcae
1666 572 1749 629 udis.

65 711 85 748 ,
115 691 193 732 mam
208 674 369 732 Ecclesiam
395 676 429 731 ad
454 672 742 731 seamdonationem
759 675 940 745 spectantem
1173 665 1332 738 (Laterani,
1347 682 1365 721 v
1380 664 1425 721 id.
1446 662 1641 735 Decembris.)

65 802 84 845 ι,
115 764 261 821 valentem
277 765 377 820 decem
394 763 530 821 marcbas
543 761 588 819 vel
599 762 768 835 quindecim
791 761 943 834 assignare
1030 765 1235 823 cumanobis
1251 765 1361 838 petitur
1376 763 1455 835 qued
1467 762 1581 832 jnstem
1604 765 1650 817 est
1668 763 1697 818 at
1713 760 1821 819 bones·

65 854 84 933 ὲ
116 853 315 927 promiserant
340 852 474 910 exhibuit
504 868 602 910 aeram
627 851 722 919 vobis,
748 849 942 908 nibilominus
995 848 1824 926 tem,etc.,esqaaeiicetum.llepropter,dilecieinDo-

65 984 82 1023 ,
117 958 169 1016 per
183 941 305 999 idoneos
320 944 412 999 testes
428 941 555 1014 probans
579 941 659 1014 ipsos
676 944 743 1014 pest
765 938 942 1012 promissio·
997 943 1077 999 mino
1093 942 1146 1014 iiii,
1157 945 1218 999 ieie
1231 942 1321 1015 iustis
1334 939 1583 1015 postulationibus
1597 942 1682 1011 graio
1696 954 1823 995 concur·

66 1076 79 1115 3
117 1048 185 1089 nem
202 1031 385 1103 hujusmodi,
401 1029 470 1087 licet
491 1030 650 1104 potuerint,
667 1029 745 1087 nolle
760 1029 829 1097 sibi,
845 1044 940 1101 quan·
995 1036 1241 1099 maismacense,
1253 1030 1498 1087 Naaorescensem
1510 1027 1749 1084 Ecclesiamcem
1760 1044 1823 1085 om·

68 1167 78 1187 ,
116 1137 206 1194 quam
222 1135 311 1191 super
325 1119 380 1177 boc
395 1118 538 1176 admoniti
551 1119 658 1175 luerint
673 1117 844 1191 providisse,
855 1131 943 1188 quare
996 1121 1085 1178 nibus
1099 1137 1162 1194 que
1173 1120 1439 1193 impraesentiarum
1451 1115 1667 1181 rationabiliter
1677 1117 1819 1188 possidet,

65 1190 78 1273 ,⁰
114 1210 209 1266 dictos
226 1209 363 1265 abbatem
380 1212 409 1264 et
424 1208 584 1265 monachos
600 1208 637 1264 ad
654 1206 869 1281 assignandum
885 1204 941 1262 sibi
998 1213 1160 1282 etc.,usqus
1171 1209 1402 1266 communimus.
1414 1207 1607 1264 Decernimus
1622 1221 1692 1279 ergo
1706 1204 1824 1263 utnulli

116 1298 266 1355 redditum
282 1298 381 1353 decem
405 1297 593 1354 marcherum
618 1297 653 1353 sd
679 1294 940 1369 minuseogioum
997 1299 1825 1371 omninobemieumliceatbaucpaginamnestrepre-

65 1444 73 1449 ,,
112 1386 254 1443 instantia
270 1385 449 1460 postulabat.
461 1386 504 1442 sd
520 1385 583 1442 hec
596 1389 693 1442 autem
708 1385 808 1442 ieitex
819 1385 940 1442 adverso
996 1390 1132 1447 iectionis
1151 1390 1311 1463 intringere
1328 1388 1375 1445 vel
1394 1388 1431 1458 ei,
1451 1392 1506 1445 etc.
1522 1387 1553 1444 Si
1569 1387 1638 1459 quis
1653 1389 1753 1445 autem
1768 1387 1823 1444 boo

65 1472 73 1547 ‚'
111 1490 286 1549 responsum
312 1476 390 1547 quod
408 1474 521 1531 ratione
536 1473 742 1547 promissionis
756 1473 939 1545 hujusmodi,
996 1483 1141 1536 retentare
1155 1478 1391 1552 praesumpserit,
1404 1482 1472 1544 ate,
1488 1477 1785 1549 usquincursurem.

65 1562 72 1635 j
111 1568 213 1637 utpote
228 1564 309 1620 lacte
334 1566 436 1620 contra
448 1562 566 1621 concilii
590 1562 792 1621 laterenensis
816 1566 938 1632 statuta,
1029 1571 1135 1624 Datum
1153 1567 1301 1638 Laterani,
1315 1584 1332 1624 v
1347 1567 1416 1624 ldus
1431 1565 1609 1635 Decembris,
1631 1565 1822 1638 pontificatus

65 1646 68 1661 '
112 1669 175 1726 que
191 1650 307 1725 probari
324 1651 519 1723 perchartam
539 1649 679 1707 exibitam
698 1650 864 1718 videbatur,
889 1666 940 1707 eos
994 1657 1088 1714 nostri
1104 1674 1182 1714 arro
1198 1657 1363 1715 undecimo,

65 1716 69 1751 ³
112 1757 171 1798 noe
187 1743 302 1813 poterat
316 1739 483 1806 convenire,
500 1739 662 1812 presertim
677 1754 744 1795 aum
761 1755 818 1795 non
833 1738 869 1794 de
883 1738 938 1795 ali·
953 1779 979 1846 B
1362 1772 1444 1831 CXCI

65 1836 67 1841 '
111 1846 171 1904 qua
185 1829 324 1897 Ecclesia,
341 1829 391 1885 sed
409 1828 445 1885 de
460 1828 657 1901 promissione
680 1832 797 1885 tantem
814 1827 844 1884 in
859 1826 937 1885 litte·
1166 1880 1207 1920 ΕΡ
1219 1879 1356 1920 1800Ρο
1390 1878 1408 1918 D
1417 1811 1460 1918 A,
1468 1880 1486 1918 Α
1497 1876 1627 1919 mm!

112 1920 152 1978 ris
168 1917 399 1976 nostrismsntio
410 1918 578 1974 haberetur.
590 1921 662 1974 cnm
676 1917 768 1990 igiter
781 1915 939 1989 aliisipsos
1235 1958 1260 2011 D
1290 1952 1384 2010 eodem
1398 1968 1432 2008 a„
1451 1956 1561 2008 ummo
1637 1904 1644 1918 ⁹

114 2025 199 2082 posse
211 2009 361 2067 conveniri
376 2009 588 2077 asserentibus,
603 2008 670 2065 aliis
680 2023 748 2065 vero
764 2007 940 2065 contrarium
1243 1970 1362 2115 (flatum
1391 2045 1421 2098 u,
1432 1969 1471 2098 βίη
1486 2042 1544 2098 aua
1559 1993 1572 2114 )’

116 2099 314 2157 sentientibus
329 2115 419 2171 seper
444 2098 498 2155 hec
523 2097 629 2153 luisset
651 2097 719 2154 binc
747 2096 816 2154 inde
840 2112 939 2153 coram
1366 2083 1374 2113 ’
1549 2085 1554 2096 ’

114 2188 198 2245 robis
222 2187 336 2245 diutius
361 2188 557 2260 disputatum,
587 2203 640 2243 ees
660 2186 731 2260 quid
752 2187 832 2257 juris
855 2185 894 2241 sit
908 2185 938 2241 in

114 2278 169 2334 hoc
185 2276 309 2334 artiaele
324 2277 505 2345 dubitantes,
527 2276 558 2331 iu
588 2275 704 2348 negotio
723 2275 788 2348 ipso
812 2273 939 2332 ulterius

114 2367 271 2439 procedere
295 2365 434 2422 notuistis
458 2365 549 2420 donee
577 2378 667 2437 seper
689 2363 746 2420 hoc
769 2364 939 2437 reciperetis

112 2459 219 2512 nostras
233 2454 452 2524 beneplacitum
478 2453 648 2521 veluntatis,
677 2452 764 2508 nobis
787 2451 940 2510 humiliter

112 2544 315 2616 supplicantes
330 2546 363 2598 ui
378 2541 449 2614 quid
465 2541 505 2597 sii
519 2540 550 2597 in
561 2540 616 2596 hac
630 2543 714 2613 parte
727 2541 873 2611 agendum
886 2557 939 2597 vos

111 2633 303 2706 dignaremur
319 2647 370 2705 per
387 2633 504 2686 nostras
517 2629 632 2686 litteras
649 2629 772 2686 reddere
786 2629 936 2687 certiores.

110 2721 170 2778 Nes
191 2721 286 2794 igiter
310 2720 496 2776 attendentes
520 2718 598 2791 qued
624 2717 781 2790 promissio
799 2718 939 2790 predicta

111 2826 168 2866 non
185 2812 274 2877 tenet,
290 2813 391 2882 utpote
415 2812 518 2865 contra
541 2810 654 2863 statuta
682 2806 795 2879 praelati
822 2806 939 2864 concilii
1349 2811 1458 2868 cxcll,

111 2903 265 2968 attentata,
281 2898 451 2955 discreiioni
470 2898 572 2954 vestre
587 2911 639 2968 psr
653 2894 815 2968 apostolice
827 2895 939 2969 scripta
1064 2919 1199 2960 rrmcoro
1214 2918 1248 2959 rr
1269 2916 1479 2957 ancnreircouo
1495 2916 1745 2960 casuuesrrsrees.

112 2988 289 3044 mandamus
305 2992 463 3061 quatenus,
479 2989 642 3043 memorato
658 2984 765 3041 clerieo
779 3000 869 3058 snper
883 2984 938 3041 hoe
1137 2998 1177 3049 er
1205 2991 1338 3049 sternere
1365 2990 1477 3047 abbatis
1509 2989 1542 3046 dr
1570 2990 1675 3046 Corra.

112 3075 263 3133 silentium
280 3076 476 3149 imponentes,
493 3075 530 3131 ab
546 3073 730 3145 impetitione
755 3073 852 3146 ipsius
875 3073 937 3131 die·
1175 3080 1335 3154 (Laterani,
1347 3097 1396 3136 xvr
1412 3078 1473 3136 Kal.
1485 3078 1641 3151 ianuarii.)

112 3172 156 3221 tos
172 3165 352 3223 abbatemet
368 3164 525 3221 monachos
538 3162 710 3220 absolvatis,

149 3258 255 3309 Datum
280 3253 426 3319 Laterani,
442 3270 463 3309 n
478 3253 545 3308 rdus
567 3253 749 3322 Decembris,
778 3253 936 3325 poniiilca-

114 3346 161 3399 tus
179 3342 272 3399 nostri
288 3358 366 3399 anno
382 3342 545 3399 undecimo.

1027 2157 1101 2214 Cum
1117 2157 1232 2214 anobis
1242 2157 1363 2231 petitur,
1373 2161 1440 2226 ete,
1455 2172 1543 2228 esque
1553 2155 1817 2228 effectumllnpro·

993 2244 1253 2318 pter,renerabiiis
1268 2245 1299 2301 in
1315 2244 1431 2302 Christo
1451 2244 1551 2315 frater,
1579 2248 1744 2316 stc.,esquc
1769 2261 1817 2303 as·

992 2351 1093 2404 sense,
1102 2333 1472 2393 DavaiieussmEcclesiam
1480 2350 1547 2391 cem
1559 2333 1768 2406 omnibusque
1776 2334 1818 2391 in·

992 2424 1212 2496 presentiarum
1222 2422 1435 2480 rationabiliter
1443 2421 1818 2496 possidet,eto.,esqeecom·

993 2514 1157 2568 munimus.
1169 2512 1360 2569 Decernimue
1372 2510 1555 2585 erge...hanc
1563 2511 1702 2584 paginam
1713 2514 1819 2569 nostras

992 2600 1184 2672 protectionis
1201 2600 1371 2673 intringere,
1382 2603 1448 2666 eia,
1464 2615 1549 2673 esque
1563 2599 1764 2657 incursurum.

1031 2693 1148 2761 Dniem,
1168 2694 1199 2745 at
1212 2687 1241 2744 ie
1256 2688 1315 2745 etio
1325 2703 1376 2761 per
1390 2696 1486 2746 totum.

953 3165 976 3234 c
1028 3199 1101 3253 Cum
1117 3195 1295 3254 venerabilis
1308 3196 1397 3253 irater
1414 3199 1515 3252 noster
1525 3194 1692 3267 l'poriensis
1706 3195 1820 3268 episce-

995 3302 1053 3358 pus
1067 3290 1096 3342 ei
1110 3285 1237 3343 dilectus
1245 3285 1324 3343 filius
1334 3284 1472 3344 eilbertus
1484 3285 1635 3359 presbyter
1644 3288 1823 3343 Mantuanus

995 3377 1031 3433 ad
1044 3377 1256 3434 monasteriem
1271 3376 1369 3434 Sancti
1390 3376 1531 3449 Stephani
1547 3377 1582 3432 de
1594 3376 1739 3434 Corneob
1749 3376 1821 3434 visi·
1845 3424 1848 3429 .

438 3459 615 3515 CLXXXIX.
994 3466 1115 3523 tationis
1127 3470 1156 3522 st
1166 3465 1355 3523 correctionis
1364 3465 1495 3522 cilicium
1510 3465 1716 3533 accessissent,
1727 3470 1821 3523 sinte·

113 3563 311 3603 neocaesarea
322 3563 557 3616 sacarserscoro,
573 3565 608 3603 ar
621 3563 756 3603 nrrscoro
767 3564 937 3623 persuassi,
997 3555 1115 3612 tisineo
1125 3554 1263 3628 plurimis
1272 3571 1337 3627 qnae
1348 3554 1474 3627 regelari
1486 3559 1654 3628 congruent
1662 3555 1820 3626 honestati,

221 3654 255 3692 ΕΤ
270 3653 388 3693 Dilecto
410 3653 484 3693 Pthio
499 3653 602 3693 mero
616 3653 831 3696 NAZORESGBNSL
994 3645 1067 3718 quis
1077 3646 1110 3704 P.
1124 3649 1196 3703 iuno
1212 3644 1304 3701 abbas
1317 3644 1450 3717 ejusdem
1462 3643 1618 3701 monaterii
1633 3660 1723 3717 super
1733 3636 1820 3717 laps'e

112 3736 149 3791 Dc
163 3734 322 3791 obedientie
337 3752 419 3808 quom
444 3736 567 3808 episcopi
587 3734 685 3791 deieci
702 3735 762 3792 seis
777 3735 938 3809 metropoli·
994 3735 1103 3802 earnis,
1119 3733 1242 3790 crimine
1262 3733 1409 3803 Simonis,
1439 3751 1472 3790 ae
1495 3731 1597 3789 meltis
1612 3732 1678 3789 aliis
1693 3733 1821 3807 graviter

481 3808 567 3862 “¹stss-
993 3824 1091 3881 teerat
1106 3823 1282 3895 internatus,
1293 3840 1361 3880 cem
1371 3822 1429 3895 ipsi
1435 3825 1521 3895 juxta
1531 3822 1619 3879 oiiicii
1630 3821 1677 3880 sui
1688 3823 1820 3881 debitum

287 3895 450 3967 (Lssltlflnlr
465 3912 492 3952 Vi
510 3895 554 3951 ld·
570 3895 764 3967 Dessemblifld
994 3929 1084 3987 seper
1104 3913 1140 3970 iis
1160 3913 1269 3970 vellent
1288 3910 1436 3986 inquirere
1459 3912 1624 3983 veritatem,
1639 3910 1717 3967 idem
1728 3911 1821 3969 abbas

148 4000 331 4058 Venerabilis
348 4002 559 4059 iretrernosier
575 4001 764 4059 Larissieesis
779 4002 940 4076 archiepis·
993 4002 1198 4060 eisbemiliier
1209 4001 1383 4075 supplicarit
1394 4002 1595 4058 etsecundum
1608 3999 1820 4071 iormemjuris
1880 3990 1889 4005 '

113 4107 205 4165 copus
232 4109 288 4148 sua
316 4091 401 4149 nobie
425 4092 637 4165 conquestione
675 4092 834 4148 manicavit
862 4092 939 4167 quod
994 4090 1819 4166 procedereetcircaipaem,cemnotoriaresnoneesat,

111 4181 288 4238 venerabilis
304 4181 393 4238 irater
407 4186 509 4238 noster
523 4179 762 4238 Dimitriecensis
778 4181 939 4254 episcopus
994 4197 1048 4239 nec
1075 4185 1192 4239 vexaret
1218 4197 1286 4237 eum
1311 4181 1391 4237 tama
1414 4179 1534 4254 publica
1556 4177 1600 4235 vei
1624 4177 1748 4251 privata,
1765 4194 1819 4236 nee

111 4271 315 4343 suffraganeus
327 4269 520 4327 Larissiensis
535 4270 680 4341 Ecclesiae,
696 4269 789 4328 leitns
810 4273 940 4343 potentia
993 4273 1081 4327 stiam
1092 4275 1193 4327 conire
1203 4286 1271 4327 aum
1283 4267 1818 4341 accusatoraliquisappareretcem·

110 4359 219 4427 laicali,
235 4359 330 4416 eidem
342 4361 468 4433 denegat
484 4359 683 4416 obedientiam
699 4365 728 4416 ei
743 4359 938 4417 reverentiam
994 4375 1051 4432 qus
1061 4358 1118 4432 ipsi
1129 4357 1360 4432 supplicationes
1368 4357 1413 4414 vsi
1425 4356 1522 4430 petius
1532 4356 1718 4428 exceptiones
1729 4354 1820 4426 baja·
1858 4350 1862 4355 ’

111 4448 241 4505 debitum
266 4448 414 4505 exhibere.
440 4448 602 4513 Qeodcirea
637 4448 806 4506 discretioni
832 4454 936 4507 vestrm
993 4447 1090 4505 smodi
1101 4445 1368 4520 tanquamirivulas
1378 4461 1435 4502 non
1447 4444 1753 4514 admitisrsni,dictus
1767 4444 1818 4501 ab·

110 4554 163 4612 per
177 4536 337 4610 apostolica
352 4537 463 4610 scripta
478 4539 656 4595 mandamus
672 4542 819 4611 quatenus
833 4539 937 4610 prela·
952 4521 976 4586 D
992 4536 1153 4594 bassedem
1165 4532 1535 4607 apostolieamappellavit.
1547 4533 1603 4590 Sed
1615 4531 1704 4591 iidem
1717 4532 1820 4606 appel·

109 4630 175 4683 iem
190 4625 362 4699 episcopum
379 4630 412 4682 ui
424 4626 552 4683 debitam
564 4628 763 4684 obedientiam
785 4631 814 4684 et
838 4627 936 4684 hono·
990 4622 1642 4696 latioeebujusmedi,vsletfrustratoriamon
1654 4621 1818 4694 admissa,a

112 4731 174 4772 rem
204 4714 340 4771 exhibeat
367 4714 589 4787 archiepiscopo
627 4720 789 4773 memorato
819 4733 938 4774 monere
990 4710 1820 4787 prioreacmuiiismeneehisipsiuscoenobii,qeisuper

111 4802 282 4877 diligentius
304 4808 332 4860 et
357 4802 495 4859 inducere
519 4803 692 4875 procuretis,
717 4821 785 4861 enm
810 4806 847 4862 ed
869 4805 936 4877 hoe,
991 4805 1046 4863 boc
1068 4802 1346 4878 deposuerejeraii,
1366 4803 1402 4858 de
1424 4801 1584 4874 premissis
1620 4800 1819 4875 inquisierunt

112 4891 273 4949 sinecesse
303 4892 401 4959 luerit,
432 4892 615 4949 districtione
644 4908 702 4964 qua
729 4896 864 4961 convenii
884 4912 936 4968 ap·
991 4894 1108 4966 plenius
1122 4892 1286 4951 veritatem.
1304 4889 1534 4949 interimaetem
1547 4906 1613 4947 cem
1625 4890 1663 4946 ds
1672 4888 1821 4962 predictis

113 4981 272 5055 petiatione
300 4986 414 5039 remeia
442 4986 591 5055 cogentes,
620 4980 716 5039 Nullis
754 4981 864 5039 litteris
891 4999 938 5040 ve·
990 4981 1298 5040 visitatoribusabbas
1308 4980 1372 5053 ipse
1383 4979 1413 5035 in
1429 4977 1575 5037 auditorio
1591 4983 1691 5035 nostm
1701 4993 1820 5050 gravem

112 5068 193 5127 ritati
220 5074 249 5127 ei
274 5070 396 5142 iustitie
424 5069 702 5143 prejudicantibus,
732 5073 788 5126 etc.
815 5070 938 5136 Quodsi
992 5070 1110 5129 lecisset
1138 5069 1381 5143 conquestionem
1410 5067 1529 5141 deponi,
1551 5064 1711 5124 venarabili
1737 5065 1822 5123 fratri

112 5175 171 5216 non
187 5175 301 5228 omnes,
317 5162 384 5230 sic,
401 5160 459 5216 dee
475 5163 617 5229 vestrum,
634 5163 689 5216 etc.
992 5163 1094 5217 nostro
1104 5158 1213 5215 Ubario
1227 5156 1439 5217 Mediolanensi
1454 5153 1675 5227 archiepiscopo
1690 5154 1720 5210 S.
1735 5156 1770 5211 li.
1787 5154 1819 5211 L.

146 5246 253 5304 Datum
269 5247 418 5317 Laterani,
433 5265 461 5304 vr
477 5248 547 5306 ldes
574 5245 752 5316 Decembris,
781 5247 938 5320 pontifica·
993 5246 1138 5306 cardinali
1148 5246 1284 5304 dedimus
1295 5246 1324 5303 ie
1339 5243 1487 5302 mandatis
1500 5249 1532 5299 ut
1541 5243 1705 5315 inquireret
1714 5242 1820 5317 abepi-

108 5341 161 5393 ies
175 5337 268 5393 nestri
285 5353 363 5394 anne
379 5336 547 5395 undecimo.
993 5353 1082 5410 saepo
1089 5340 1119 5393 et
1127 5335 1296 5408 presbytero
1310 5333 1483 5391 memoratis
1493 5331 1694 5404 quadecausa
1706 5331 1820 5388 inducti

992 5425 1103 5483 luerint
1122 5425 1158 5482 ed
1178 5422 1402 5495 inquisitionem
1421 5420 1594 5492 eujusmodi
1616 5420 1820 5478 faciendumst

503 5540 538 5551 ”“
992 5510 1818 5583 nisialismrationabilemcaesamostenderent,eapro·

992 5604 1130 5664 eaderm
1137 5600 1175 5661 sd
1183 5600 1405 5676 inquisitionem
1415 5598 1581 5673 predictam
1590 5598 1765 5658 auctoritaie
1774 5596 1820 5671 ip·
