3780 6000
561 241 813 301 PONTIFIGATUS
832 240 928 299 tutto
949 243 1008 314 vil,
1028 244 1167 302 CHRISTI
1185 245 1265 303 taut.

58 250 109 310 lbi
1712 253 1766 321 442

57 382 238 438 crementum
253 371 391 445 adimplet
405 376 535 441 superios
549 370 783 446 praelibatumut
796 369 881 426 intel·
895 376 925 441 Α
939 387 1005 428 cum
1019 372 1121 430 vilicus
1136 374 1200 447 ipse
1223 390 1307 445 super
1329 372 1491 444 huiusmodi
1511 374 1587 434 facto
1611 376 1666 434 sibi
1689 387 1766 451 petat
1874 402 1879 409 ·

57 470 155 541 ligetis
171 466 321 538 quodcum
339 461 420 535 quasi
432 461 490 519 casi
507 459 886 532 fortuito,sedaltoquidem
940 460 1149 519 absolutionem
1162 464 1300 535 impendi,
1316 481 1333 519 a
1348 463 1440 530 nobis,
1458 472 1488 519 ut
1511 480 1575 522 eum
1599 468 1692 537 ppssis
1713 469 1763 525 ab·

57 559 183 618 consilio
199 557 271 613 Deos
287 554 341 610 boc
356 554 524 623 mysterium
540 566 588 621 per
604 557 726 606 restrum
752 550 886 605 ministe·
941 554 1058 621 solvere,
1085 551 1245 622 postulasti,
1268 553 1414 622 Quocirca,
1440 554 1610 611 fraternitati
1635 564 1690 613 tuae
1713 574 1765 631 per

57 652 133 707 rium
149 655 294 719 operatur,
311 647 453 716 quatenus
468 642 503 696 de
517 647 618 697 caetero
630 641 665 695 sit
676 655 763 695 unum
775 638 888 695 ovilcot
940 639 1098 711 apostolica
1113 641 1219 711 scripta
1232 641 1411 707 mandamus,
1433 651 1581 714 quatenus,
1607 646 1631 700 si
1656 662 1700 702 res
1723 647 1765 702 ita

56 754 135 796 uuus
151 744 259 809 pastor,
276 732 393 803 provida
408 745 532 801 namque
545 727 760 799 dispensatione
785 727 885 782 condi·
941 744 972 785 se
987 728 1080 799 habet,
1096 729 1223 786 villicum
1239 729 1346 801 ipsum,
1364 731 1411 802 qui
1423 736 1556 804 tanquam
1568 736 1766 791 exeommuni-

60 837 104 884 tor
119 836 296 896 temporum,
312 829 442 890 tempora
458 818 605 875 distribuit
620 816 762 885 universa,
776 823 806 872 ut
821 831 887 872 eum
941 826 1020 875 catus
1031 821 1144 887 vitatur,
1155 820 1352 876 communioni
1363 820 1506 889 restituas,
1517 822 1557 876 ita
1570 825 1644 892 qarod
1660 840 1767 894 expen-

60 916 214 990 plenitudo
228 910 355 983 gentium
371 909 405 964 ad
422 908 507 963 fldem
524 909 683 975 intraverit,
709 913 777 962 tunc
801 905 888 961 etiam

59 1005 160 1065 omnis
175 1001 262 1059 lsrael
278 1001 373 1056 salsus
388 998 445 1053 liat.
462 997 613 1053 lllonemus
627 996 711 1064 igitur
722 994 888 1050 universita-

58 1104 117 1152 tem
131 1102 270 1159 vestram,
286 1096 314 1145 et
328 1088 511 1145 exhortamur
522 1086 660 1142 attentius
692 1093 719 1141 et
744 1100 793 1155 per
816 1099 888 1154 apo·

59 1185 162 1242 stolica
177 1181 257 1238 vobis
271 1179 375 1248 scripta
385 1178 565 1242 mandamus,
578 1182 727 1245 quatenus,
739 1173 774 1228 ad
786 1188 887 1228 accen·

60 1277 193 1333 dendum
218 1269 379 1328 devotionis
401 1267 546 1336 allectum,
569 1282 654 1337 quem
678 1281 743 1336 erga
768 1271 888 1320 matrem

60 1383 144 1423 suam
162 1363 321 1419 Romanam
335 1358 491 1414 Ecclesiam
505 1355 588 1412 babet
602 1354 744 1411 exercitas
753 1353 888 1411 Christia-

61 1472 114 1512 nus
130 1451 298 1526 praescripta
314 1449 341 1505 ei
357 1447 477 1503 fideliter
497 1445 658 1515 exponatis,
682 1451 710 1500 et
738 1451 794 1499 tam
817 1442 888 1499 cba-

61 1545 213 1602 rissimum
227 1540 257 1596 in
272 1537 384 1594 Christo
397 1536 489 1592 filium
504 1541 644 1603 nostrum,
662 1537 726 1590 a...
747 1534 888 1590 Constan-

60 1633 286 1707 tinopolitanum
300 1629 503 1700 imperatorem
518 1624 671 1694 illustrem,
687 1638 773 1696 quam
797 1623 888 1694 majo·

61 1744 103 1784 res
117 1732 147 1783 at
163 1724 291 1780 minores
305 1721 335 1776 in
350 1719 412 1790 ipso
427 1716 552 1774 exercitu
567 1714 886 1773 constitutosinducere

942 926 996 976 sas,
1013 924 1083 981 quas
1097 918 1169 965 esset
1185 909 1311 964 facturus
1326 911 1356 964 in
1372 909 1474 965 itincre
1489 912 1522 965 ad
1539 914 1634 968 sedem
1651 924 1766 985 propter

943 997 996 1054 hoc
1009 997 1193 1068 apostolicam
1204 999 1348 1066 veniendi,
1358 1001 1453 1054 mittat
1462 1001 1491 1054 in
1501 1000 1659 1057 subsidium
1671 1003 1766 1060 Terrae

942 1092 1061 1154 sanctae,
1078 1087 1119 1142 tel
1136 1087 1165 1141 ln
1180 1086 1406 1143 Christianorum
1421 1087 1560 1143 auxilium
1574 1091 1621 1161 qui
1633 1091 1767 1148 laborant

942 1176 1119 1248 inpartibus
1139 1175 1208 1245 illis,
1232 1184 1330 1231 contra
1352 1176 1501 1247 perlidiam
1526 1195 1713 1249 paganorum,
1738 1190 1766 1238 et

942 1264 1132 1321 nibilominus
1147 1263 1273 1320 taboram
1288 1264 1399 1321 itineris
1414 1267 1531 1322 redimat
1544 1268 1623 1337 juxta
1634 1273 1763 1342 proprias

943 1354 1101 1411 facultates.

978 1443 1080 1499 Datum
1094 1443 1201 1514 Romu,
1215 1444 1290 1514 apud
1305 1444 1442 1501 Seuctum
1458 1446 1570 1503 Petrum
1596 1447 1693 1506 idibus
1708 1450 1766 1507 No·

943 1534 1076 1590 vembris.

1254 1617 1348 1674 CLVII
1367 1618 1454 1690 (440).

1302 1723 1399 1763 aaran.

979 1797 1107 1853 incultus
1118 1797 1292 1868 reformandi
1304 1799 1480 1924 talonensem
1491 1809 1519 1857 ct
1535 1801 1729 1874 Upsalleeeem

1285 1885 1329 1925 ccc
1341 1887 1421 1927 estas.

1063 1958 1155 2029 (Apud
1172 1958 1201 2014 S.
1219 1957 1343 2027 Petrum,
1359 1977 1408 2015 ant
1423 1964 1483 2018 Kal.
1503 1963 1647 2037 Decemb.)

976 2047 1018 2102 Ad
1035 2047 1088 2103 hoc
1104 2062 1155 2103 nos
1171 2046 1303 2105 honestas
1318 2057 1371 2104 tue
1387 2049 1572 2109 fraternitatis
1587 2054 1709 2124 inducit,
1734 2058 1769 2111 ut

943 2135 995 2191 tibi
1010 2134 1163 2206 benignius
1177 2137 1368 2192 concedamus
1384 2153 1445 2208 quoe
1457 2142 1662 2209 personissunt
1672 2143 1769 2200 eccle·

61 1813 233 1888 procuretis,
250 1819 278 1866 ut
293 1823 413 1878 regnum
428 1804 630 1864 Grecorumin
640 1803 887 1861 obedientiesedls

61 1905 224 1979 apostatica
239 1902 371 1959 studeant
384 1898 520 1967 stabilire,
532 1911 679 1969 perquam
691 1895 796 1966 unique
807 1903 889 1968 pote-

63 1999 105 2063 rit,
122 2000 154 2053 et
168 1994 233 2050 sine
247 2007 303 2063 qua
316 1986 436 2045 minime
454 1993 547 2060 posset
561 1985 597 2041 ab
612 1985 654 2043 eis
677 1984 769 2057 ipsius
792 1984 887 2040 domi·

62 2087 141 2142 nium
159 2081 287 2140 retineri.

93 2175 202 2231 Datum
216 2175 325 2237 Romae,
340 2167 417 2240 apud
438 2166 575 2223 Sanctum
591 2166 704 2221 Petram
720 2161 817 2221 idibus
831 2167 887 2220 No-

61 2263 196 2322 llmbffi·
388 2345 458 2401 CLV
477 2344 563 2416 (438).
943 2323 987 2371 sto
1003 2315 1097 2375 frater.
1113 2322 1168 2370 tuae
1182 2315 1354 2372 fraternitati
1369 2320 1563 2391 concedimus,
1579 2331 1609 2376 ut
1632 2323 1661 2378 in
1686 2327 1764 2377 Lon·

286 2452 422 2494 mm„
443 2449 665 2490 „mmmm
942 2405 1061 2460 densam
1076 2411 1102 2460 et
1119 2403 1314 2473 Upsallensem
1329 2407 1660 2481 archiepiscopatueviae
1671 2421 1768 2469 nostre

65 2534 95 2591 fl,
117 2545 218 2588 mm„
242 2528 373 2585 pomam
396 2522 524 2579 pedm
546 2539 595 2594 W
616 2538 734 2592 ,mum
755 2522 850 2578 ’,αα-ὦ,
863 2527 890 2577 33
943 2492 1048 2550 evellas
1073 2501 1100 2549 et
1123 2493 1262 2592 destruas,
1287 2496 1475 2565 disperdaset
1492 2500 1625 2570 dissipes,
1641 2501 1767 2558 aedifices

348 2595 461 2654 Secutae
479 2594 602 2665 collinet.
943 2590 971 2638 et
986 2580 1110 2654 plantes,
1125 2589 1198 2638 stcut
1211 2583 1246 2637 ad
1262 2582 1403 2640 honorem
1419 2586 1478 2657 Dei,
1494 2588 1695 2645 exaltationem
1711 2590 1766 2646 Ec-

183 2687 276 2761 (apud
293 2685 321 2741 S.
338 2689 466 2752 Petrum,
484 2683 557 2738 idib.
573 2681 766 2753 Novembris.)
943 2670 1048 2738 ciesiac,
1074 2686 1107 2724 ac
1131 2671 1252 2726 salutem
1282 2672 1380 2741 populi
1407 2674 1457 2730 tibi
1485 2677 1632 2732 commissi
1662 2678 1767 2734 videris

94 2781 132 2839 Ut
163 2790 218 2835 turs
239 2774 422 2834 fraternitatis
460 2772 580 2840 devotio,
611 2787 696 2843 quam
727 2778 889 2842 perpeetam
944 2761 1088 2832 expedire.
1104 2763 1135 2818 lu
1151 2760 1197 2816 his
1211 2777 1279 2832 crgo
1293 2769 1320 2817 ct
1334 2762 1399 2818 aliis
1417 2773 1442 2821 te
1461 2767 1544 2822 talern
1570 2768 1713 2833 exhibeat,
1737 2775 1769 2823 ut

71 2872 216 2928 habemus
230 2868 260 2923 in
272 2863 379 2929 multis,
390 2862 474 2919 nohis
488 2861 524 2917 sit
533 2859 685 2928 obnoxior,
696 2860 746 2916 tibi
758 2859 890 2916 ducimus
944 2852 1020 2906 salut
1035 2849 1075 2904 lui
1092 2850 1228 2920 nominis»,
1247 2865 1310 2920 quaa
1332 2868 1450 2908 suavem
1477 2856 1613 2912 diffundit
1637 2857 1768 2924 odorem,

61 2955 283 3021 committenda,
298 2969 347 3025 per
362 2969 424 3024 quse
435 2950 517 3007 nobis
529 2950 730 3022 etapastottca
741 2948 817 3005 sedis
827 2964 890 3020 pos·
946 2954 994 3012 pel
1010 2936 1134 2994 hiemem
1151 2937 1582 3012 [44ῧῦΙᾶῑῑθῦΰῐῦὶῑθωβθῐᾶἣϋῐῐῑ
1609 2959 1665 2999 ⁰0¹¹
1691 2959 1769 2998 mar·

61 3050 102 3106 sis
116 3055 147 3105 et
160 3044 266 3102 debeas
280 3040 405 3113 amplius
418 3039 606 3110 complacere.
619 3038 742 3109 ideoque
755 3038 887 3094 fraterni·
945 3031 1039 3085 cescat
1053 3026 1102 3081 sed
1118 3025 1147 3081 in
1162 3025 1273 3082 actibus
1294 3028 1354 3083 suis
1382 3044 1433 3085 ver
1463 3032 1557 3102 potius
1585 3039 1612 3089 et
1640 3036 1768 3088 aestatem

61 3146 152 3194 tatem
168 3143 257 3205 tuam,
272 3133 309 3189 de
322 3148 377 3203 qua
392 3129 475 3201 plene
490 3127 671 3197 confidimus,
687 3144 818 3198 rogamus
843 3135 887 3183 aa.
903 3122 929 3188 c,
943 3119 1085 3183 ostendat,
1113 3131 1174 3185 quc
1202 3132 1253 3172 suo
1281 3117 1412 3187 agricole
1439 3121 1553 3178 vineam
1576 3119 1768 3179 committenti

65 3226 175 3284 tentius
203 3231 230 3280 et
258 3235 418 3287 monemus,
444 3234 493 3289 per
517 3216 675 3289 apostoliea
704 3215 755 3272 tibi
782 3217 890 3289 scripte
943 3207 1068 3262 44444ῑῦ41
1084 3204 1396 3261 reddentuberrimum
1412 3208 1618 3268 inautummo.

63 3307 573 3382 mandantesquatenusistudonus
592 3305 739 3378 pronubis
760 3321 889 3362 assumas
980 3293 1081 3348 Datum
1097 3292 1295 3365 fl⁰maeasslllld
1316 3294 1451 3352 34404441
1481 3298 1610 3366 Pfllltma
1638 3315 1696 3355 ¹1¹1
1716 3298 1770 3357 lit·
1857 3326 1862 3333 ·

62 3417 93 3463 ιιι
108 3418 229 3462 censum
246 3400 320 3457 beati
334 3398 409 3455 Petri
426 3413 475 3467 per
490 3411 577 3466 regua
604 3395 695 3451 Daciae
718 3410 751 3452 ac
776 3393 887 3451 Suevie
944 3383 1045 3439 144445
1059 3380 1234 3438 Decembris.

61 3492 186 3551 fideliter
202 3490 322 3562 colligas
337 3495 364 3545 et
378 3502 514 3555 reserves,
530 3487 625 3555 ipsum
640 3484 723 3541 nobis
748 3499 797 3554 per
818 3483 888 3541 side-
1246 3471 1356 3530 GtVlil
1381 3475 1466 3548 (441).

61 3584 118 3641 lem
149 3580 282 3638 nuntium
312 3576 531 3634 transmissurus
551 3572 596 3630 vcl
616 3573 814 3645 assignaturus
838 3573 888 3637 eis,
1310 3578 1405 3619 arona.

61 3672 170 3744 quibus
186 3685 235 3741 per
248 3667 356 3724 litteras
372 3669 486 3722 nostres
496 3661 547 3719 tibi
560 3661 891 3734 duxerimusinjuagen·
944 3650 1035 3706 Militi
1056 3648 1084 3704 02'
1104 3649 1241 3721 palleum.
1274 3651 1440 3723 lincoliensi
1467 3656 1681 3730 arcthpiaeapa,
1709 3659 1769 3730 ejaaa

943 2224 1441 2298 siastieisconccdeuda.Eapropter,
1454 2231 1664 2287 venerabilisin
1684 2231 1766 2288 Chri·
1878 2250 1884 2259 ’

60 3764 144 3819 ι4ιιιιι.
161 3760 196 3818 lit
212 3765 306 3814 autem
322 3757 376 3812 boc
392 3754 506 3828 plenius
521 3759 547 3808 ot
563 3750 684 3807 liberius
710 3752 801 3823 possis
826 3750 889 3807 eitt-

63 3867 141 3922 cere,
159 3851 271 3920 plenam
283 3854 311 3904 et
323 3845 444 3902 liberam
455 3842 505 3898 tibi
516 3841 702 3900 concedimus
713 3839 889 3909 facultatem,

64 3948 95 3996 ut
109 3937 346 4004 contradictores,
362 3935 386 3989 si
402 3933 451 4005 qui
464 3931 581 3996 luerint,
598 3946 648 4000 per
668 3928 891 3985 ecclesiasticam

63 4042 229 4094 censuram,
246 4023 436 4097 appellatione
452 4027 568 4088 remota,
584 4034 760 4088 compescas.

101 4119 205 4174 Datum
219 4114 326 4182 Romae,
341 4112 416 4184 apud
437 4110 576 4166 Sanctum
601 4111 727 4178 Petrum,
752 4123 803 4166 ιιιι
827 4108 893 4165 laius

64 4203 245 4266 Novembris.

389 4287 467 4345 CLVI
487 4286 572 4358 (439).

438 4393 523 4432 ΕΙΒΕΙ

1044 3723 1120 3792 quod
1129 3721 1258 3778 incendio
1270 3727 1392 3795 perierat
1407 3728 1474 3796 ioco,
1492 3730 1666 3786 trudendum.

1047 3812 1139 3884 (apud
1155 3813 1183 3866 S.
1200 3813 1324 3885 Petrum,
1342 3833 1382 3872 ιιι
1397 3820 1459 3874 Kal.
1477 3820 1664 3882 Decembrisl

981 3900 1155 3973 significasti
1179 3901 1262 3958 nobis
1284 3921 1332 3974 per
1356 3905 1475 3976 litteras,
1499 3911 1573 3979 quod
1599 3910 1771 3966 venerabilia

945 3992 1032 4048 frater
1064 3998 1204 4047 noster...
1235 3993 1468 4068 archiepiscopus
1502 3997 1686 4068 Upsallensis,
1720 4017 1773 4071 per

947 4080 1115 4137 incendium
1130 4079 1254 4150 palleum
1269 4084 1345 4156 quod
1360 4085 1494 4158 babebat,
1505 4090 1610 4156 amisit,
1624 4090 1710 4159 unde,
1723 4104 1774 4160 pro

947 4168 1009 4240 ipso
1025 4167 1171 4224 humiliter
1184 4185 1235 4241 per
1250 4170 1358 4228 litteras
1376 4178 1405 4228 et
1424 4177 1541 4232 nuntios
1567 4176 1726 4247 postulasti,
1744 4185 1776 4232 ut

948 4258 1027 4315 aliud
1042 4258 1085 4314 uti
1102 4257 1214 4315 mittero
1227 4261 1420 4331 dignaremur,
1436 4280 1502 4321 cum
1525 4268 1586 4337 ipse
1605 4276 1631 4322 et
1647 4266 1774 4323 Ecclesia

950 4350 1014 4422 ejus
1029 4347 1118 4403 multa
1132 4357 1297 4420 paupertate
1312 4351 1452 4422 laborent,
1469 4363 1582 4425 propter
1605 4356 1677 4426 quod
1707 4370 1770 4425 spe·

69 4481 105 4534 m
119 4471 260 4538 vah-cum,
275 4469 325 4540 qm.
336 4468 496 4541 presbytero
516 4481 579 4520 ,um
593 4479 680 4520 „xm
694 4479 749 4520 „a
772 4464 892 4535 ,miger
907 4488 934 4554 D
949 4437 1052 4495 cialem
1069 4452 1124 4492 non
1141 4437 1230 4506 potuit
1245 4439 1379 4496 nuntium
1403 4444 1439 4498 ad
1461 4446 1558 4500 sedem
1582 4443 1769 4514 apostolicam
1823 4454 1826 4459 ·

100 4545 201 4617 aym,
214 4557 312 4597 „mm
327 4539 486 4595 ,puppem
500 4553 531 4593 a,
546 4536 671 4606 [mquam
687 4536 806 4605 amaa,
822 4553 892 4592 ana.
950 4528 1106 4585 destiuarc.
1130 4527 1205 4583 Licet
1228 4536 1323 4585 autem
1347 4529 1400 4587 tibi
1423 4548 1473 4602 per
1493 4533 1675 4605 privilegium
1699 4532 1776 4589 sedis

97 4619 222 4674 themate
236 4614 324 4669 soluat
338 4611 389 4667 aab
406 4612 488 4667 certis
502 4607 718 4665 conditionibus.

196 4704 289 4776 (apud
303 4705 331 4757 S·
348 4699 474 4756 Petrum.
491 4697 565 4754 idib.
582 4696 770 4769 Novembris.)

948 4615 1110 4689 apostolico
1125 4616 1161 4672 sit
1176 4632 1354 4689 concessum,
1384 4628 1413 4675 ut
1443 4621 1604 4691 Upsallensi
1628 4623 1697 4679 sede
1725 4638 1775 4677 aa·

949 4710 1042 4771 cante,
1057 4717 1123 4759 cum
1138 4702 1264 4774 aliquem
1279 4704 1319 4760 lbi
1335 4706 1481 4777 subrogari
1496 4710 1651 4783 contingit,
1666 4711 1778 4767 nuntiis

101 4796 146 4852 Ex
159 4799 239 4866 parte
255 4799 305 4847 tua
320 4789 425 4846 nostris
440 4795 483 4844 est
498 4786 614 4842 auribus
629 4785 804 4856 intimatum,
820 4786 895 4859 quod
950 4794 1047 4850 miset
1065 4790 1197 4848 aeclesia
1213 4792 1389 4863 Upsallensis
1410 4798 1445 4852 ad
1469 4798 1566 4854 sedem
1589 4799 1775 4868 apostolicam

73 4884 193 4958 qnidam
221 4879 366 4948 sacerdot,
395 4877 462 4933 dum
492 4881 689 4932 consuescere!
717 4890 782 4932 tum
810 4892 896 4934 uxore
950 4881 1161 4953 accedentibus,
1177 4882 1301 4952 palleum
1316 4886 1501 4953 concedatur,
1519 4903 1568 4957 per
1583 4896 1609 4944 tc
1624 4888 1777 4958 subrogato

69 4972 224 5047 cujusdam
240 4969 282 5025 tui
298 4967 387 5025 villici
410 4965 547 5023 nefariam
573 4981 632 5021 rem
658 4961 773 5031 414644,
797 4970 898 5037 captas
952 4970 1081 5043 pontifici
1096 4971 1311 5041 conferendum,
1332 4974 1398 5043 quia
1422 4977 1520 5031 tamen
1542 4978 1625 5033 sedes
1648 4976 1697 5031 illa
1719 4990 1779 5031 non

70 5062 126 5120 fuit
142 5059 278 5124 avillico,
293 5056 378 5130 quiri
395 5070 498 5113 nasum
512 5053 636 5111 abscidit
658 5059 684 5109 et
705 5052 777 5109 laesit
802 5053 898 5127 ipsum
952 5070 1043 5129 vacat,
1059 5077 1111 5118 nee
1136 5063 1230 5135 ipsum
1255 5064 1380 5120 dautlum
1403 5066 1438 5120 de
1460 5080 1535 5125 noro
1557 5069 1719 5139 acquiritur,
1747 5072 1780 5123 ut

72 5156 105 5212 iu
122 5144 573 5222 lingut.ne⁰i⁸m0ss¹01lu⁰l⁸ffl
598 5141 703 5199 4444844·
727 5141 811 5199 Unde
833 5161 899 5216 pre·
955 5159 984 5210 4ιι
1000 5159 1112 5208 tantum
1127 5167 1178 5223 pro
1193 5153 1330 5224 petitione
1341 5154 1431 5224 ipsius
1444 5161 1508 5210 tuos
1526 5157 1676 5214 destinasti
1702 5173 1782 5213 nun·

71 5245 172 5314 sbyter
186 5240 247 5310 ipsc
260 5238 296 5295 td
311 5236 417 5294 ostium
432 5250 462 5290 ⁸0
478 5232 620 5290 translatit
639 5232 902 5304 ¹1¹⁰¹¹⁸⁰h⁰l¹1sshitl
955 5246 1021 5314 ιίοι,
1036 5250 1063 5300 et
1078 5258 1136 5299 uon
1151 5243 1210 5309 ille,
1225 5243 1337 5312 dejure
1352 5244 1496 5313 potuimus
1508 5246 1651 5317 postulato
1663 5263 1778 5320 negare.

73 5346 158 5390 mm
186 5327 297 5384 ”lille
324 5321 664 5399 1³⁰³⁸⁸²⁸¹¹l¹¹¹l²ffl5⁰²⁰r
692 5335 750 5376 ⁰⁰³·
781 5325 902 5396 Verum,
956 5332 1074 5401 Verum,
1090 5339 1121 5388 ut
1133 5332 1336 5406 supplicationi
1353 5341 1418 5405 tuae,
1429 5335 1628 5404 culrolumus,
1641 5346 1781 5409 quantum

122 5508 187 5570 438)
200 5506 274 5564 Vide
289 5502 479 5576 Raynaldum,
495 5502 528 5559 ad
546 5514 655 5557 annum
670 5496 751 5565 tuot,
764 5501 778 5570 g
791 5503 837 5561 56,

229 5581 235 5590 .
995 5510 1059 5584 (440
1083 5508 1157 5567 Vide
1171 5511 1358 5585 Raynaldum,
1373 5512 1408 5568 ad
1423 5527 1533 5570 annum
1549 5517 1629 5584 4204,
1645 5517 1660 5580 t
1673 5516 1719 5570 55.

122 5580 189 5647 439)
201 5578 275 5638 Vade
291 5577 485 5664 ursnaldum,
499 5574 535 5630 ad
551 5587 663 5631 anatum
680 5569 760 5628 1204.
777 5574 849 5643 556.

996 5581 1055 5656 (ιιι
1087 5581 1541 5655 undantemundantem
1559 5573 1667 5660 amat
1680 5586 1726 5642 so.
