3780 6000
34 136 53 229 J
84 206 86 211 -
156 193 208 247 aaa
630 185 832 243 tunonensis
850 184 890 242 ιιι
907 186 963 242 ur.
983 143 1217 243 nsonsronuu
1236 187 1302 243 uua.
1323 184 1382 244 vit.
1804 191 1860 246 aaa

47 320 51 325 '
155 303 335 388 perpetuum,
363 311 494 369 videlice!
522 311 623 369 Polum
650 312 864 379 sastinianum,
894 311 975 366 nnrt·
989 316 1017 383 Α
1032 312 1098 369 tatis
1112 312 1267 370 clamorem
1283 312 1382 385 populi
1396 312 1585 386 concitarent,
1600 312 1639 369 ita
1654 315 1729 385 quod
1750 317 1857 374 nudati

154 401 569 473 coium,1toccamdeNibiis,
592 401 880 471 Mentem-Magnum,
903 402 976 461 Gua-
1030 418 1079 472 per
1095 401 1193 459 urbem
1217 404 1378 475 irequeutcr
1400 419 1466 458 cum
1490 404 1625 460 crucibus
1652 407 1688 460 ad
1717 404 1854 463 ecelesias

153 496 325 561 danuolum,
348 497 597 560 Sarracenascum,
623 489 747 546 iloecam
773 489 808 545 de
836 488 973 557 sorrecis,
1027 490 1233 549 discurrebant.
1252 493 1296 559 Et,
1312 492 1377 548 licet
1391 491 1528 565 prohibiti
1551 492 1670 549 luissent
1685 510 1702 549 a
1717 495 1800 551 nobis
1815 510 1853 552 ne

152 582 305 640 Castellum
322 597 440 647 novum,
456 594 521 637 oum
537 577 671 635 omuibus
686 577 866 649 pertinentiis
881 585 907 634 et
922 577 974 634 uti·
1026 588 1125 637 contra
1140 597 1196 637 non
1210 581 1266 638 tale
1280 580 1392 652 aliquid
1408 585 1592 648 attentarent,
1606 580 1642 637 ab
1666 583 1792 654 incepto
1808 592 1850 640 ta·

152 670 279 728 litatibus
293 670 362 738 suis,
374 668 423 724 tali
434 675 541 735 tenore,
553 667 627 737 quod
639 666 709 737 ipse,
724 681 758 723 ac
774 665 899 722 haeredes
914 665 971 736 sui,
1025 684 1091 725 men
1106 667 1241 726 desistore
1257 670 1421 738 notuerunt,
1437 671 1484 724 sed
1499 670 1594 740 pejora
1610 669 1753 742 prioribus
1761 680 1850 729 atten-

151 760 317 818 ethaeredes
328 756 642 825 haeredumsuorumin
655 755 971 827 perpetuumpraedicto
1024 763 1125 826 tantas,
1142 758 1266 814 soconda
1281 757 1350 814 teria
1365 764 1427 828 post
1441 758 1562 825 Pascha,
1587 758 1743 816 tumultum
1760 769 1788 818 et
1808 779 1847 819 se-

146 851 273 908 liomauo
290 847 429 918 pontifici,
444 856 472 903 et
496 845 709 903 successoribus
733 846 802 914 suis,
827 845 889 901 sine
913 845 970 902 alio
1022 845 1160 904 ditionem
1177 846 1274 920 popuii
1290 847 1479 915 concitarunt,
1500 847 1548 919 ita,
1571 849 1647 918 qued
1670 847 1848 921 blasphemis

145 938 229 995 leudo
247 936 409 993 fidelitatem
426 943 603 1008 prestarent,
631 934 671 990 ita
693 935 769 1006 quod
794 933 871 991 idam
895 950 967 1005 pon·
1021 933 1194 990 clamoribus
1212 935 1391 991 incessanter
1415 934 1537 1005 arnissis,
1554 937 1583 991 in
1600 936 1660 1007 ipsa
1677 938 1754 992 Beati
1771 937 1845 995 Petri

144 1027 223 1096 tiles,
234 1034 261 1082 st
277 1024 563 1095 successorcsipsius,
575 1024 709 1093 praedicto
725 1023 814 1080 nobili
830 1031 856 1079 et
877 1023 967 1078 hacre-
1021 1021 1138 1078 basilica
1153 1023 1282 1079 divinum
1296 1022 1424 1080 cilicium
1441 1026 1654 1094 perturbarunt.
1671 1025 1715 1095 Et,
1731 1029 1845 1085 cumde

144 1116 228 1171 dibus
242 1114 303 1170 suis
318 1129 376 1169 non
393 1120 506 1183 possent
521 1112 687 1182 pradictum
710 1111 825 1167 laudum
843 1111 964 1180 auterre,
1019 1112 1241 1167 morocoronati
1266 1116 1469 1169 reverteremur
1498 1129 1548 1183 per
1579 1114 1690 1180 urbem,
1719 1123 1788 1187 quot
1815 1124 1843 1174 el

143 1205 200 1260 nisi
214 1203 321 1260 nobilis
339 1203 409 1272 ipse,
421 1200 463 1257 rel
479 1200 607 1258 heredes
618 1199 719 1272 ipsius,
730 1201 836 1256 iusum
848 1200 962 1256 reisue·
1017 1206 1136 1271 quantas
1159 1201 1379 1257 sustinuerimus
1398 1201 1519 1258 insidias
1534 1210 1561 1258 et
1578 1203 1708 1273 iujurias,
1735 1205 1841 1263 reterre

141 1309 267 1351 cessores
282 1293 412 1364 ejusdem
440 1289 547 1360 aliquid
572 1290 628 1346 talc
654 1290 873 1357 commisissem,
899 1306 963 1361 pro·
1016 1291 1658 1362 nospudet,quamvispcneomuibusiuerint
1671 1296 1839 1353 manifestas.

141 1389 203 1453 pter
219 1382 293 1453 quod
315 1379 425 1450 judicie
455 1378 594 1434 bonorum
618 1393 736 1434 suorum
761 1378 882 1448 parium,
903 1393 961 1433 non
1015 1378 1111 1447 Porro,
1129 1395 1182 1436 neo
1196 1380 1239 1436 bis
1253 1380 1381 1437 contenti
1398 1380 1486 1445 tuere,
1502 1382 1562 1448 sed,
1588 1386 1619 1437 ut
1644 1399 1723 1439 error
1744 1386 1837 1441 noris·

68 1466 71 1473 '
140 1472 308 1529 habentium
325 1469 490 1526 iuimicitias
503 1477 600 1526 contra
624 1468 711 1540 ipsos,
736 1468 854 1525 tendum
876 1468 960 1524 debe·
1013 1469 1104 1524 simus
1128 1478 1200 1525 esset
1222 1469 1301 1541 pejor
1327 1470 1429 1541 prlore,
1455 1484 1519 1526 oum
1540 1470 1687 1528 Romanus
1716 1474 1838 1545 populus

139 1568 202 1616 rent
229 1559 357 1616 amittere
386 1556 574 1627 prelibatum.
603 1560 675 1613 cum
700 1556 786 1627 igitur
809 1556 960 1627 pradictus
1013 1557 1182 1627 quibusdam
1210 1557 1443 1630 subreptionibus
1471 1568 1545 1616 asset
1578 1575 1674 1617 coram
1705 1569 1837 1620 senatore

135 1648 207 1719 Ode,
219 1652 248 1704 et
263 1647 426 1714 Gregorius,
444 1645 522 1701 filius
537 1646 608 1717 ejus,
624 1645 878 1717 praedecessoribus
902 1662 953 1702 no·
970 1681 996 1745 B
1011 1645 1041 1702 in
1057 1645 1195 1718 capitolio
1211 1652 1409 1719 congregatus,
1423 1649 1605 1720 saepedictnm
1622 1652 1776 1720 terram,ad
1789 1654 1836 1724 jus

134 1736 201 1792 stris
227 1737 275 1809 qui
305 1751 354 1805 pro
384 1743 510 1807 tempore
547 1735 669 1803 inerant,
703 1750 754 1805 pro
790 1734 953 1805 supradicto
1010 1739 1039 1791 et
1053 1737 1251 1807 proprietatem
1265 1738 1340 1793 sedis
1359 1737 1520 1807 apostolicae
1541 1738 1740 1810 pertinentem,
1772 1759 1835 1798 rer·

133 1825 394 1882 leudotilelitatem
406 1826 565 1895 jurassent,
583 1828 612 1880 et
636 1824 706 1881 illud
734 1823 810 1880 ultra
833 1825 955 1895 quadra·
1010 1823 1056 1890 bo,
1072 1827 1137 1895 quia
1151 1825 1224 1882 iacto
1239 1842 1296 1881 non
1316 1833 1456 1897 poterant,
1482 1831 1511 1884 ct
1535 1827 1652 1898 scripto,
1679 1829 1745 1901 quia
1769 1834 1833 1901 jure

133 1916 212 1986 ginta
223 1933 316 1973 annos
331 1933 381 1988 per
396 1917 552 1972 itomanam
569 1915 727 1972 Ecclesiam
743 1914 953 1986 possedissent3
1009 1912 1174 1985 nequibant,
1191 1914 1298 1970 senatui
1316 1915 1477 1987 populoque
1490 1916 1631 1988 Romano,
1647 1926 1787 1989 quantum
1802 1921 1832 1977 in

132 2005 247 2062 tandem
265 2004 438 2077 temporibus
454 2005 570 2070 nostris,
593 2003 713 2061 dilectus
727 2004 852 2061 tilius...
868 2002 956 2060 abbas
1008 2000 1051 2057 eia
1064 2009 1135 2066 erat,
1156 2004 1313 2060 concedere
1337 2013 1591 2076 presumpserunt.
1616 2006 1671 2063 Sed
1695 2024 1759 2076 nos,
1784 2009 1832 2065 in·

134 2094 299 2152 monasterii
323 2093 496 2164 Cliriscauri‚
522 2094 760 2165 prenominatum
781 2095 905 2150 Odonem
926 2098 956 2150 et
1008 2091 1177 2161 continenti,
1202 2091 1247 2162 ius
1276 2100 1419 2159 nostrum,
1449 2102 1606 2151 convocato
1636 2097 1752 2167 populo,
1783 2114 1832 2169 per

133 2185 309 2255 Gregorium,
325 2183 417 2239 lilium
433 2185 504 2254 ejus,
520 2199 617 2240 coram
641 2190 772 2239 senatore
795 2183 874 2239 urbis
898 2182 954 2239 im·
1007 2180 1145 2250 quosdam
1157 2181 1275 2237 fratrum
1293 2190 1455 2238 nostrorum
1470 2182 1593 2239 lecimus
1606 2186 1757 2255 protestari
1771 2203 1779 2254 ;
1795 2195 1834 2255 οι,

132 2277 247 2346 petens,
257 2287 399 2342 eossuper
411 2273 493 2329 terris
504 2272 675 2343 prescriptis
690 2271 775 2327 traxit
785 2271 953 2342 incausam,
1007 2284 1043 2325 nc
1053 2269 1098 2339 ius
1113 2268 1247 2326 Ecclesiae
1262 2270 1413 2342 deperiret,
1426 2272 1620 2344 praecepimus
1642 2272 1694 2329 tibi
1717 2278 1748 2330 ut
1776 2282 1833 2331 ter·

132 2362 191 2433 qui,
214 2362 249 2417 ad
275 2369 401 2418 nostram
429 2361 608 2432 presentiam
638 2372 829 2429 recurrentes,
853 2365 954 2432 postu·
1006 2358 1173 2430 ramipsam
1190 2359 1414 2429 peritomauam
1430 2359 1586 2417 Ecclesiam
1613 2378 1833 2435 recognoscens,

131 2450 260 2507 laverunt
284 2451 423 2506 instanter
450 2467 467 2505 a
495 2448 590 2515 nobis,
620 2457 650 2505 ut
678 2465 727 2506 eos
754 2464 839 2521 snper
866 2449 952 2505 leudo
1005 2462 1067 2504 earn
1084 2447 1251 2504 detenderes
1266 2449 1448 2505 otmunirea.
1463 2449 1660 2522 Verum,ipsi,
1676 2467 1835 2510 eumaem·

130 2539 208 2609 quod
221 2539 257 2593 ab
271 2537 398 2594 Ecclesia
413 2538 541 2594 Romana
555 2538 703 2608 tenebant,
724 2553 783 2595 non
804 2537 952 2610 permitte-
1005 2535 1129 2608 plicibus
1143 2536 1212 2607 suis,
1229 2537 1308 2593 salsis
1323 2545 1422 2594 contra
1443 2546 1470 2594 te
1494 2541 1666 2596 commentis
1692 2542 1831 2613 populum

132 2642 338 2684 remuseoram
362 2628 418 2683 atio
442 2627 600 2695 conveniri,
630 2628 677 2684 sed
708 2628 804 2698 potius
834 2627 951 2684 seudum
1004 2625 1185 2693 seducentes,
1212 2627 1306 2698 ipsum
1336 2628 1487 2683 adeersum
1514 2633 1542 2684 te
1569 2631 1640 2686 adeo
1667 2639 1830 2688 commore-

129 2716 224 2787 ipsum
253 2716 475 2772 defenderemus
501 2716 622 2774 eisdem.
650 2716 707 2775 Nos
733 2715 829 2788 igitur,
859 2732 907 2772 eos
935 2733 952 2771 a
1003 2721 1086 2785 runt,
1113 2719 1163 2786 ut,
1193 2716 1281 2771 armis
1316 2716 1350 2770 ad
1379 2719 1545 2774 condictum
1573 2721 1739 2791 assumptis,
1767 2727 1830 2777 tur·

127 2813 245 2861 senatus
257 2804 337 2862 curia
353 2806 539 2876 retrahentes,
556 2807 622 2877 quia
636 2822 696 2862 non
711 2814 872 2878 poteramus
883 2821 952 2877 praea
1003 2819 1061 2859 rem
1086 2812 1163 2860 tuam
1179 2806 1281 2862 acriter
1296 2813 1500 2877 expugnarent,
1525 2806 1563 2862 ita
1590 2808 1664 2877 quod
1695 2824 1770 2878 eam,
1803 2820 1829 2866 te

128 2894 536 2964 diatomonasrariojusttaiam
560 2898 709 2966 denegare,
735 2910 849 2951 causam
875 2894 952 2951 inter
1002 2894 1048 2948 alx
1062 2893 1174 2951 tandem
1191 2909 1240 2965 per
1261 2893 1355 2966 lugam
1379 2894 1506 2961 liberato,
1522 2902 1672 2968 oeperunt,
1687 2907 1715 2953 et
1733 2899 1829 2956 adbuc

128 2998 176 3039 eos
191 2983 221 3039 in
237 2984 317 3039 curia
331 2992 427 3039 nostra
452 2984 627 3039 tractandam
646 2983 842 3039 commisimus
865 2982 948 3039 bonae
1001 2982 1113 3052 quidam
1129 2983 1182 3038 sub
1198 2983 1316 3040 nemine
1330 2985 1547 3041 communitatis
1562 2985 1690 3042 detinent
1708 3003 1828 3058 occupa·

127 3072 273 3128 memoriae
300 3073 416 3136 Saroni,
441 3072 576 3143 judicum
604 3072 777 3142 primicerio,
799 3075 828 3127 st
854 3071 945 3139 Petro,
961 3046 987 3113 G
1003 3077 1071 3139 tam,
1087 3071 1196 3141 multis,
1208 3078 1265 3126 tam
1277 3070 1328 3127 tibi
1339 3087 1423 3143 quam
1437 3073 1616 3144 adjutoribus
1628 3075 1694 3145 tuis,
1712 3076 1828 3132 damnis

125 3159 246 3217 ioannis
259 3161 327 3216 Ades
341 3162 486 3227 advocato,
497 3176 551 3218 nec
566 3177 624 3217 non
640 3161 808 3229 Marsicano,
831 3161 947 3217 subdia-

126 3264 200 3305 cono
216 3256 324 3318 nostro,
339 3266 435 3306 coram
458 3250 560 3321 quibus
584 3252 614 3306 in
637 3249 820 3307 Lateranensi
843 3250 946 3321 palatio

126 3353 176 3408 par
186 3339 337 3396 aduocatos
347 3354 412 3394 suos
423 3339 588 3410 aliquandiu
599 3339 804 3410 disceptarunt.
817 3338 945 3410 Interim,

124 3432 219 3481 autem
237 3426 388 3497 praedictus
401 3428 462 3484 Odo
478 3429 512 3484 de
528 3427 605 3494 Polo,
623 3428 734 3484 vivente
749 3435 827 3497 patre
841 3434 945 3498 aopost

29 3538 32 3543 ·
123 3515 272 3571 decessum
289 3516 388 3586 ipsius.
413 3532 444 3572 su
467 3533 497 3572 er
522 3516 668 3588 conjugali
696 3517 801 3589 copula
829 3523 944 3573 contra-

32 3600 36 3605 '
123 3601 219 3659 banda
247 3604 432 3660 interditum
461 3610 545 3661 tuum
574 3609 602 3662 et
631 3605 718 3662 tiliam
743 3621 824 3661 suam
849 3613 944 3663 tecum

122 3690 210 3762 caepit
226 3690 329 3749 battere
345 3699 503 3764 tractatum,
524 3702 561 3763 et,
586 3695 683 3752 moitis
708 3695 797 3767 pactis
821 3696 942 3752 interce-

120 3779 264 3848 dentibus,
287 3783 403 3838 tandem
429 3799 524 3839 coram
548 3784 703 3840 venerabili
726 3785 811 3841 tratre
835 3792 941 3854 nostro,

121 3868 288 3941 Octaviano,
313 3871 436 3928 Ostiensi
459 3873 592 3944 episcopo
617 3873 704 3946 (3775.
734 3873 852 3945 ipsoque
877 3890 942 3931 me·

119 3957 227 4029 diante,
242 3961 317 4030 apud
334 3962 467 4017 Sanctam
483 3962 634 4017 Martinam
647 3961 676 4016 in
699 3961 761 4032 ejus
776 3961 879 4032 palatio
903 3963 939 4018 ad

118 4046 243 4104 invicem
257 4051 445 4107 convenietis.
461 4054 587 4121 Cumque
611 4050 803 4121 prescriptam
824 4059 938 4120 terram,

117 4152 203 4210 quam
213 4139 273 4209 lpse
284 4156 317 4197 ac
329 4142 522 4212 progenitores
538 4141 628 4214 ipsius
642 4142 739 4198 multis
749 4141 851 4200 debitis
865 4143 939 4201 obli-

119 4239 262 4303 garoraut,
279 4240 325 4289 tua
339 4232 763 4299 debitorumonereliberasses,
775 4233 938 4305 ipsascire-

117 4322 176 4376 tres
191 4320 262 4391 ejus,
274 4322 332 4392 qui,
342 4339 406 4380 curn
418 4330 490 4380 terra
504 4322 659 4393 subjaceret
676 4323 780 4379 debitis
805 4324 936 4397 obligata,

1002 3163 1030 3216 et
1043 3159 1305 3231 injuriisirrogrtis.
1324 3160 1400 3217 Licet
1411 3176 1478 3233 ergo
1490 3161 1543 3218 nttt
1558 3162 1688 3234 Gregorii
1705 3163 1740 3219 de
1759 3165 1827 3221 Polo

1002 3264 1054 3305 nos
1068 3255 1094 3303 et
1110 3252 1267 3303 Romanam
1283 3246 1438 3305 Ecclesiam
1451 3251 1827 3322 vehementerolianderint,

1002 3337 1043 3394 eis
1056 3346 1152 3393 tamen
1167 3337 1352 3408 praejudicare
1366 3338 1487 3395 minime
1513 3340 1655 3407 volumus,
1672 3357 1738 3397 eom
1754 3359 1826 3399 nou·

1000 3426 1067 3481 dum
1082 3426 1112 3481 in
1127 3427 1204 3481 ouria
1215 3434 1310 3483 nostra
1322 3426 1564 3498 tuerintjudicati.
1578 3427 1694 3501 Verum,
1706 3439 1825 3501 paterna

1000 3513 1051 3570 tibi
1067 3514 1193 3572 solentes
1212 3514 1408 3571 sollicitudine
1433 3515 1589 3585 providere,
1615 3520 1650 3574 de
1675 3521 1824 3577 communi

1000 3604 1117 3660 tratrem
1130 3611 1294 3661 nostrorum
1310 3603 1431 3661 oonsilio
1445 3608 1474 3661 et
1489 3622 1618 3675 assensu,
1634 3609 1822 3667 concedimus

998 3700 1026 3748 et
1042 3693 1221 3761 mandamus,
1237 3699 1267 3747 ut
1279 3695 1383 3748 terram
1400 3695 1594 3766 praescriptam
1610 3707 1707 3752 teneas
1722 3707 1748 3754 e!
1759 3715 1824 3771 pos·

998 3781 1099 3847 sideas,
1116 3782 1207 3838 donea
1220 3781 1389 3846 dedamis,
1406 3798 1469 3854 quae
1485 3791 1511 3839 te
1528 3792 1641 3857 propter
1656 3787 1710 3843 boc
1721 3787 1810 3844 incur-

997 3869 1068 3925 risse
1082 3866 1263 3937 monstrabis,
1279 3873 1308 3925 et
1320 3871 1464 3940 expensis,
1473 3879 1580 3942 queste
1589 3873 1691 3931 lecieae
1701 3881 1820 3947 propter

996 3959 1071 4015 idem
1087 3959 1229 4024 ostendes,
1243 3959 1370 4015 maxime
1385 3968 1534 4033 postquam
1551 3961 1602 4019 tibi
1619 3964 1819 4035 praecepimus,

996 4055 1026 4103 ut
1042 4055 1145 4103 terram
1158 4045 1249 4117 ipsam
1264 4047 1299 4102 ad
1316 4063 1388 4119 opus
1405 4049 1539 4106 Ecclesiae
1563 4051 1698 4109 Romanae
1723 4053 1821 4112 delen·

995 4137 1077 4194 derce
1091 4145 1118 4194 et
1133 4137 1271 4206 munires,
1293 4138 1344 4194 tibi
1368 4139 1452 4195 inerit
1475 4155 1600 4211 congrue
1628 4142 1819 4212 satisfactum,

995 4227 1074 4284 salva
1088 4226 1140 4283 tibi
1155 4225 1344 4283 nibilominus
1359 4229 1438 4284 omni
1453 4227 1508 4284 alia
1524 4232 1643 4300 ratione,
1661 4247 1820 4302 quamcun-

995 4333 1049 4389 que
1076 4314 1162 4372 babes
1187 4315 1218 4371 in
1244 4322 1319 4371 terra
1344 4317 1491 4387 praedicta,
1515 4317 1649 4391 ita,quod
1667 4329 1695 4377 tu
1711 4324 1819 4393 deipsa

114 4405 160 4463 via
175 4415 304 4478 poterant
321 4427 353 4467 er
369 4428 401 4467 aa
417 4415 532 4468 tenuem
558 4412 662 4469 ducere
676 4411 771 4479 uitam,
791 4399 980 4486 emperantD
997 4405 1083 4463 1111111
1101 4419 1231 4476 summ
1257 4408 1286 4461 ⁰2
1307 4420 1405 4475 pacem
1431 4407 1466 4461 14
1496 4407 1663 4465 111111111111111
1693 4410 1817 4468 Romani

114 4496 148 4550 ad
165 4511 227 4553 eam
242 4498 346 4555 arraius
358 4500 494 4571 aspirare.
507 4500 610 4568 Vitam,
620 4515 686 4557 cum
704 4516 783 4558 suam
795 4507 895 4559 contra
911 4511 938 4561 te

993 4492 1146 4565 pontilicis,
1163 4500 1190 4549 et
1203 4492 1265 4564 ipse
1274 4497 1304 4549 te
1317 4507 1404 4549 manu
1416 4501 1519 4558 teneat,
1530 4498 1559 4550 st
1573 4496 1717 4564 defendat,
1731 4500 1816 4569 sieut,

118 4584 581 4661 querelsmproponersntaoram
605 4589 699 4656 nobis,
724 4598 753 4646 in
781 4591 939 4663 saepissima
992 4584 1148 4640 secundum
1178 4581 1282 4638 bonam
1316 4591 1343 4638 ct
1372 4582 1554 4654 approbatam
1576 4590 1815 4645 consuetudinem

115 4674 299 4744 respondisti,
316 4678 391 4747 quod
407 4684 523 4750 paratus
538 4694 601 4735 aras
615 4677 666 4734 sub
681 4679 813 4735 examine
828 4688 936 4752 nostro,
991 4671 1125 4728 dominus
1140 4670 1395 4742 debetdetcndere‚
1407 4686 1440 4727 ac
1451 4680 1637 4730 manutenere
1646 4675 1812 4732 vassallum.

111 4760 156 4818 vet
172 4761 294 4820 fratrum
311 4774 484 4833 nostrorum,
507 4773 556 4823 pur
576 4765 722 4837 judiam,
738 4768 780 4824 pel
796 4769 880 4825 eriam
900 4770 935 4826 ad
990 4764 1031 4817 'lu
1046 4776 1123 4826 vero,
1134 4760 1169 4816 de
1180 4767 1253 4817 terra
1264 4759 1326 4832 ipsa
1341 4759 1451 4816 nuliam
1475 4763 1696 4820 transactionem
1722 4764 1813 4822 lacere

112 4848 263 4910 arbitrium
279 4853 419 4911 bonorum
429 4854 625 4912 virorumsive
635 4857 832 4914 communium
844 4873 936 4930 perso·
989 4849 1153 4918 111111111δί1,
1172 4848 1279 4921 ubsque
1297 4850 1387 4919 ipsius
1402 4849 1518 4907 licentia
1534 4852 1661 4925 speciali,
1674 4869 1759 4926 quarn
1774 4860 1815 4911 ta-

112 4955 225 5011 narum,
245 4942 403 5014 planasiam
428 4945 469 5001 θὶς
491 4944 633 5016 justitiam
654 4945 799 5015 exhihere,
824 4963 936 5021 nosque
989 4954 1056 4997 men
1071 4939 1132 5011 ipse
1147 4937 1198 4995 tibi
1218 4940 1367 5010 concedet,
1397 4939 1421 4995 si
1449 4939 1492 4996 rel
1516 4956 1620 5012 urgens
1647 4945 1815 5014 necessitas,

111 5031 290 5089 necessarior
301 5032 356 5090 sibi
371 5041 501 5105 sumptus
516 5034 547 5090 in
560 5033 609 5091 lite
623 5035 935 5106 promissimusmlseri·
988 5037 1032 5095 vei
1042 5035 1276 5095 evidensutilitaa
1287 5036 1450 5109 postulabit.
1467 5038 1538 5104 Quia
1553 5055 1620 5097 vero
1636 5040 1816 5100 interEcete-

109 5118 234 5175 corditer
248 5120 373 5192 elargiri.
387 5122 441 5179 Sed
453 5121 519 5194 ipsi,
536 5137 621 5193 praro
636 5123 716 5180 duoti
728 5125 862 5194 oonsilio,
878 5142 933 5184 cus
987 5127 1060 5184 siam
1075 5126 1244 5193 itomanam,
1260 5132 1288 5181 et
1302 5125 1412 5194 urbam,
1428 5134 1455 5182 et
1469 5132 1508 5192 te,
1523 5143 1557 5184 ac
1572 5126 1685 5186 nobiles
1708 5145 1816 5187 memo-

106 5214 213 5276 perunt
228 5225 285 5267 aon
301 5210 394 5269 sotum
411 5218 537 5269 contrata
552 5218 589 5282 te,
605 5227 701 5268 rerum
725 5213 809 5270 etiam
832 5224 932 5273 contra
987 5224 1061 5273 ratos
1089 5230 1189 5289 pacem
1218 5221 1245 5271 et
1273 5215 1455 5271 concordiam
1484 5215 1661 5287 affectamus,
1690 5219 1713 5274 si
1743 5219 1815 5277 torte

107 5309 161 5352 uos
177 5299 269 5356 multa
284 5300 449 5373 contingere
464 5300 544 5373 talea,
556 5308 587 5358 ut
601 5303 681 5373 quasi
696 5301 750 5359 aab
761 5303 857 5376 speeie
869 5304 930 5376 pie·
984 5304 1141 5362 necessitas
1150 5303 1287 5361 iacienda
1303 5304 1381 5375 pacis
1397 5304 1532 5377 exegerit,
1543 5313 1574 5365 ut
1589 5305 1680 5378 ipsam
1696 5311 1813 5378 terram,

140 5474 214 5548 (377)
232 5478 270 5535 De
285 5493 318 5536 eo
330 5479 387 5549 iam
401 5481 508 5537 dictum
519 5485 561 5538 ast
575 5480 689 5552 septas.
