3780 6000
98 256 167 312 taec
568 251 776 305 ts'ttocumtt
796 250 835 304 lli
855 252 908 303 l‘P.
928 248 1174 306 RRGBSTORUM
1191 248 1260 303 tto.
1279 250 1332 303 Xl.
1756 242 1806 299 ffli

96 396 165 440 eum
176 394 266 452 quam
276 376 420 448 collegam
435 374 530 446 ipsius
540 373 708 446 apostolice
718 374 798 432 sedis
808 372 922 445 legatos
935 379 963 446 Α
978 377 1219 445 ωοτοτοὶιπ,ᾳιιω
1230 373 1366 446 contagio
1376 371 1526 429 heretico
1544 367 1713 443 pravitatis
1723 367 1805 425 infecti

98 472 135 528 ad
160 469 259 524 villam
285 468 385 523 Sancti
410 464 515 536 AEgielii
545 463 723 533 convocavit,
750 464 924 536 promittens
978 478 1031 533 per
1044 461 1281 534 interpellantem
1300 461 1389 518 occisi
1404 459 1599 534 sanguinem
1615 474 1634 516 a
1648 474 1708 515 suc
1723 459 1804 515 melite

101 575 192 631 super
211 557 327 613 cunctis
343 555 451 625 quibus
472 553 668 623 impetebatur
681 551 819 623 capitalis
834 551 925 607 satis·
979 557 1132 608 revocetur
1144 568 1339 624 errorequam
1352 551 1437 609 vivus
1446 567 1516 606 earn
1527 548 1670 622 potuerit
1682 564 1803 605 revocate.

101 648 258 704 factionem
276 645 436 717 plenariam
457 643 605 698 exhibere.
620 648 691 697 Cum
708 646 806 697 autem
822 657 925 697 conve·
979 644 1040 696 Hoc
1054 648 1100 697 est
1113 642 1192 697 enim
1204 644 1288 697 vetus
1298 640 1458 698 artificium
1473 639 1553 696 Jesu
1567 637 1696 706 Christi,
1709 637 1758 693 hoe
1770 638 1803 692 mi

102 736 253 793 aientibus
278 734 335 788 illis
360 733 388 787 in
413 731 480 786 villa
502 731 640 803 predicta
665 732 803 802 prefatus
827 744 926 786 comes
980 731 1150 787 raculcsum
1176 732 1328 806 ingenium
1351 731 1530 801 Salvatcris,
1547 736 1585 786 ut
1610 746 1685 787 curn
1711 729 1740 784 ia
1760 730 1802 785 suit

103 825 247 882 salutaria
260 823 370 879 monite
382 821 438 876 sibi
453 822 528 876 fecta
538 820 625 876 modo
635 824 811 876 velutverax
821 823 849 875 el
859 818 927 874 fuci·
978 821 1076 877 victus
1091 837 1157 878 esse
1171 826 1303 894 putatur,
1318 826 1387 877 tunc
1401 821 1503 878 vincat
1519 820 1641 877 fortine
1658 818 1689 875 in
1704 817 1801 887 eisdea,

103 914 140 971 lis
152 913 375 987 promitteretse
386 911 545 975 facturum,
557 914 586 965 et
600 910 688 965 modo
703 907 782 965 velut
797 908 885 964 fallax
899 913 928 965 et
979 914 1009 965 et
1023 925 1057 966 ea
1073 909 1249 983 virtuteque
1264 910 1327 983 ipse
1343 914 1468 967 mortem
1484 908 1657 966 moriendo
1667 907 1800 973 dextruxit,

104 1005 197 1059 durus
208 1019 242 1057 ea
257 1017 378 1073 prorsus
388 999 504 1056 efficere
520 998 851 1067 recusaret,volentibus
865 997 927 1053 illis
979 1000 1158 1071 asuperatis
1172 1000 1320 1057 interdum
1342 999 1463 1056 famulis
1478 999 1551 1056 suis
1568 1002 1759 1071 superatores
1769 1012 1801 1053 eo

103 1093 223 1148 demum
233 1090 269 1146 ab
277 1091 380 1146 eedem
390 1087 612 1159 villarecedere,
620 1093 742 1143 mortem
755 1092 799 1144 est
811 1086 927 1158 publice
980 1104 1047 1143 rutn
1063 1088 1151 1145 faciat
1174 1088 1320 1160 superari.
1335 1087 1397 1145 Nisi
1411 1088 1492 1144 enim
1520 1104 1662 1161 granum
1688 1088 1800 1142 frumenti

102 1178 416 1248 comminatas,dicens
426 1178 504 1249 quod
515 1193 690 1249 quocunque
700 1177 745 1232 vel
758 1184 926 1247 perferrem
981 1178 1089 1234 cadens
1112 1177 1142 1233 in
1167 1182 1276 1234 terram
1303 1181 1453 1235 munuum
1469 1178 1583 1244 fuerit,
1601 1177 1709 1249 ipsum
1730 1176 1800 1232 solon

102 1271 279 1328 diverterent
290 1265 333 1322 vel
345 1282 397 1339 per
407 1282 526 1339 aquam,
537 1265 702 1339 vigilanter,
713 1281 815 1320 eorum
826 1264 926 1320 obser·
981 1270 1095 1334 maaet;
1109 1282 1175 1322 com
1188 1272 1287 1323 aulem
1298 1270 1449 1322 mortuum
1459 1266 1569 1333 fuerit,
1582 1265 1752 1337 plurimum
1759 1265 1800 1320 fro·

101 1363 183 1415 varet
196 1373 365 1429 egressum
380 1360 409 1410 et
423 1355 579 1411 confestim
590 1356 642 1425 (θ’)
654 1354 738 1411 factis
754 1355 832 1409 dicta
846 1369 926 1409 com·
981 1360 1060 1410 ctum
1074 1355 1169 1410 affert.
1185 1356 1343 1428 Sperantes
1358 1356 1450 1428 igitur
1463 1356 1553 1427 quod
1570 1354 1611 1411 de
1628 1358 1727 1412 morte
1739 1353 1801 1423 hnjct

102 1464 242 1520 pensans,
253 1445 411 1517 complices
426 1461 498 1501 suos
512 1444 547 1500 ad
564 1443 726 1516 exquisitas
741 1442 865 1498 insidias
880 1442 928 1498 de·
982 1444 1185 1499 fecundissimi
1209 1444 1293 1517 grani
1319 1443 1433 1501 multus
1448 1445 1489 1500 sit
1506 1444 1637 1501 fructus
1663 1444 1695 1499 in
1719 1443 1800 1501 Christi

102 1536 232 1594 stinovit.
244 1536 377 1606 Cumque
397 1551 449 1590 nec
464 1534 500 1589 ad
514 1549 614 1604 preces
630 1532 727 1588 dilecti
743 1533 795 1586 filii
811 1531 927 1587 abbatis
981 1531 1112 1589 Ecclesia
1126 1538 1332 1606 proventurus,
1343 1550 1409 1590 cum
1425 1533 1567 1606 profecto
1582 1535 1627 1589 sit
1641 1533 1717 1589 dure
1729 1532 1801 1604 cclpt·

102 1625 200 1682 Sancti
215 1623 320 1696 AEgidii
337 1639 389 1679 nec
403 1622 576 1679 instantiam
590 1621 746 1678 consulum
761 1625 790 1676 ot
803 1620 928 1692 burgen·
981 1621 1050 1678 bilis
1072 1628 1102 1678 et
1126 1622 1312 1695 culpabiliter
1331 1624 1424 1679 durus
1446 1623 1541 1695 cujus
1568 1623 1712 1681 animam
1735 1622 1801 1695 ipsiu

105 1714 184 1770 sium
207 1713 317 1770 furoris
343 1712 389 1767 sui
414 1711 542 1783 mitigari
557 1711 676 1768 vesania
700 1710 855 1781 potuisset,
868 1709 924 1781 ipsi
943 1744 967 1808 B
982 1712 1097 1781 eladius
1109 1729 1169 1768 non
1183 1712 1364 1784 pertransiit,
1377 1727 1475 1783 neque
1485 1728 1636 1785 unquam
1649 1712 1801 1785 penitusue

105 1819 156 1860 eos
170 1802 261 1857 invito
276 1802 381 1857 comite
396 1800 581 1871 nimiumque
596 1800 713 1855 dolente
728 1816 793 1855 cum
810 1803 928 1854 armata
984 1804 1216 1874 sperantesquin
1227 1801 1340 1858 utilitas
1350 1802 1558 1858 tantadebeat
1569 1802 1602 1859 in
1615 1801 1802 1876 sanguineam

107 1907 216 1947 manus
232 1888 367 1961 praesidio
378 1904 467 1961 prope
479 1889 571 1961 ripam
583 1888 716 1944 Rhodani
728 1888 927 1957 deduxerunt;
983 1892 1140 1963 essequod
1157 1909 1217 1947 sue
1241 1897 1348 1947 sancte
1373 1890 1607 1964 predicationis
1631 1891 1727 1948 initiis
1749 1891 1802 1947 ciret

107 1980 158 2038 ubi
172 1985 255 2036 nocte
271 1980 444 2051 quieverunt
455 1978 594 2043 instante,
604 1977 782 2050 quibusdam
793 1977 927 2049 ejusdem
984 1985 1176 2036 memoratam
1189 1981 1378 2053 provinciam,
1388 1997 1441 2054 pro
1452 1997 1515 2052 qua
1531 1980 1650 2052 ipsein
1664 1982 1803 2054 corruptio·

104 2069 220 2127 comitis
236 2068 412 2124 satellitibus
428 2066 501 2138 ipsis
517 2084 638 2139 prorsus
653 2067 761 2139 ignotis
777 2066 928 2137 hospitata·
983 2085 1049 2123 uem
1060 2070 1224 2137 descendit,
1234 2073 1335 2141 optate
1345 2074 1420 2126 Deus
1432 2070 1804 2141 tribuatincremcata‚frr·

103 2160 184 2216 tibus
206 2174 272 2215 com
296 2159 420 2227 eisdem,
436 2157 498 2228 qui,
515 2156 592 2212 sicut
613 2157 751 2229 apparuit
766 2156 796 2211 in
812 2156 926 2224 ellectu,
983 2158 1152 2214 tenuitatem
1167 2164 1294 2214 vestram
1314 2175 1469 2216 monemus
1480 2161 1644 2217 attentius
1658 2165 1690 2217 et
1704 2176 1805 2234 propen-

102 2248 278 2321 sanguinem
291 2247 481 2318 iuquirebant
492 2246 634 2318 ipsorum.
651 2245 683 2299 lc
695 2245 857 2300 crastinum
872 2243 926 2300 ita·
983 2250 1046 2304 sios
1064 2248 1264 2319 exhortamur,
1275 2267 1325 2322 per
1340 2250 1482 2321 Spiritum
1504 2256 1661 2309 sanctum
1677 2252 1708 2308 in
1721 2254 1805 2308 virtute

102 2353 158 2410 que
174 2353 260 2392 manc
280 2336 366 2403 facto,
380 2340 408 2391 et
423 2334 515 2390 missa
539 2332 685 2390 celebrata
699 2334 735 2389 de
751 2349 842 2401 more,
858 2349 926 2389 cum
982 2336 1154 2393 obedientie
1166 2338 1297 2395 districtc
1308 2338 1507 2411 precipiendo
1522 2341 1716 2399 mandantes
1726 2346 1805 2414 quate

100 2423 222 2481 innocui
231 2422 341 2482 Christi
352 2422 463 2479 milites
474 2422 510 2479 ad
523 2422 677 2480 transitum
689 2421 821 2477 fluminis
832 2438 863 2478 se
873 2438 927 2494 pa·
982 2443 1039 2482 nus
1054 2427 1174 2483 verbum
1187 2427 1267 2498 pacis
1278 2430 1307 2484 et
1322 2427 1389 2484 fidei
1404 2428 1600 2486 seminatum
1618 2431 1660 2487 ab
1676 2447 1711 2487 eo
1725 2435 1806 2486 cestre

99 2518 210 2583 rarent,
228 2528 306 2568 unus
321 2512 357 2569 de
371 2510 518 2585 predictis
534 2511 648 2566 Satanae
671 2510 849 2567 satellitibus
866 2513 926 2566 tan·
982 2516 1197 2587 predicationis
1221 2515 1342 2589 irriguis
1366 2515 1535 2575 coalescere
1562 2519 1763 2587 facientes,et
1781 2518 1807 2575 ad

99 2618 180 2659 ceam
196 2617 282 2657 suem
296 2600 426 2672 vibrans,
438 2601 686 2672 prenominatum
702 2598 821 2655 Petrum
837 2616 927 2671 supra
981 2606 1206 2678 expugnandam
1223 2605 1391 2662 hereticam
1413 2606 1604 2679 pravitatem
1621 2626 1660 2666 ac
1675 2610 1761 2667 fidem
1772 2626 1808 2665 ct·

101 2689 253 2747 Christum
281 2695 395 2762 petram
422 2689 567 2746 immobili
595 2689 733 2746 firmitate
758 2689 925 2761 fundatum,
981 2694 1118 2750 tholicam
1135 2695 1582 2768 confirmandam,exstirpaado
1601 2699 1809 2758 vitiaetseni·

103 2781 192 2835 tante
208 2776 385 2851 proditionis
399 2776 563 2847 incautam,
577 2776 654 2832 inter
668 2781 765 2833 costas
781 2776 926 2848 posterius
981 2785 1077 2840 nando
1087 2783 1383 2850 virtutes,indefesse
1398 2785 1501 2842 studio
1512 2786 1698 2846 sedulitatis
1712 2787 1808 2846 incha-

97 2864 281 2933 vulneravit;
298 2866 347 2938 qui
364 2866 431 2939 pius
447 2866 477 2922 in
494 2866 619 2937 impium
632 2864 791 2938 respiciens
806 2882 926 2938 percus·
980 2876 1035 2939 tes,
1043 2872 1106 2944 jera
1119 2872 1231 2928 dictum
1247 2871 1297 2929 Dei
1313 2872 1416 2930 famuli
1429 2874 1604 2935 occisorem
1622 2883 1656 2934 et
1671 2879 1808 2936 universos

99 2972 209 3025 sorem,
221 2960 250 3012 et
260 2955 367 3012 Christi
383 2953 520 3027 magistri
534 2955 580 3010 eni
593 2970 661 3010 cum
678 2954 762 3010 beato
778 2953 926 3026 Stephano
981 2977 1104 3032 quorum
1116 2961 1221 3034 opevel
1233 2962 1524 3035 opera,consiliovel
1534 2966 1644 3025 favore
1655 2968 1808 3026 tanturnft·

98 3049 218 3102 secutus
229 3045 410 3118 exemplum,
419 3044 492 3099 dixit
506 3044 542 3099 ad
555 3043 652 3114 ipsum
666 3059 673 3098 :
685 3044 755 3098 lietu
766 3042 925 3099 libidimit·
980 3051 1065 3106 cinus
1081 3049 1268 3124 perpetravit,
1279 3056 1475 3124 receptatores
1487 3069 1620 3128 quoque
1632 3057 1680 3115 vel
1691 3058 1809 3115 despue).

97 3139 149 3206 tot,
160 3136 229 3206 puio
244 3151 291 3206 epo
301 3135 426 3203 dimitto,
439 3133 555 3205 pietatis
566 3136 595 3188 et
607 3131 753 3204 patientie
765 3136 851 3188 tante
863 3148 924 3187 ver·
939 3110 961 3177 C
980 3156 1026 3195 res
1037 3138 1130 3212 ipsius
1141 3156 1176 3197 ex
1187 3144 1268 3214 parte
1278 3141 1492 3214 omnipotentis
1502 3140 1558 3200 Dei
1572 3144 1778 3205 Patrisetlilii
1787 3150 1809 3201 et

97 3223 168 3281 bum
185 3223 292 3295 sepius
306 3223 474 3296 repetendo.
484 3221 596 3278 Deinde
607 3222 649 3277 sic
661 3221 833 3290 transfixus,
845 3238 924 3277 acer·
977 3228 1104 3300 Spiritus
1117 3229 1220 3300 sancti,
1234 3229 1409 3288 auctoritate
1424 3247 1547 3305 quoque
1563 3234 1730 3294 beatorum
1745 3236 1807 3293 Petri

96 3311 219 3369 bitatem
237 3312 309 3369 illati
324 3311 457 3369 vulneris
470 3328 521 3383 spe
533 3310 696 3367 coelestiunr
710 3316 755 3366 eet
766 3310 885 3380 oblitus,
896 3313 925 3367 et
977 3318 1093 3374 etpeuli
1102 3319 1375 3392 apostolorumque
1383 3337 1418 3377 ac
1426 3327 1807 3385 nogprmcommunioeg,

94 3401 124 3457 in
140 3402 231 3458 stanti
251 3419 311 3459 sua
336 3401 470 3474 pretiose
486 3401 588 3456 ntortis
603 3399 736 3469 ‚articulo
752 3415 819 3455 cum
836 3400 923 3455 utini·
976 3412 1005 3466 et
1021 3407 1283 3466 anathematizatos
1297 3426 1350 3482 per
1365 3408 1521 3468 univers„
1536 3420 1663 3473 vespm
1678 3416 1806 3473 dim„

94 3490 177 3546 sterit
192 3490 239 3546 uui
262 3490 351 3547 soriis
365 3507 427 3562 (turc
449 3489 537 3545 fidem
554 3493 760 3561 promoverent
774 3495 803 3545 θῑ
820 3505 922 3562 prtem
976 3499 1126 3566 nuntietis,
1139 3503 1168 3554 et
1178 3498 1277 3555 omnia
1290 3498 1354 3556 loca
1365 3517 1485 3572 prorsus
1497 3502 1535 3559 ad
1546 3519 1620 3576 quae
1637 3504 1697 3579 ipsi
1708 3503 1804 3563 teleli-

94 3594 152 3635 nen
167 3579 306 3635 cecinens
321 3577 468 3647 ordinare
481 3582 548 3649 pest
564 3576 673 3635 mattas
684 3578 803 3634 demum
815 3580 922 3636 cratiu-
975 3587 1159 3657 quiscerem
1180 3588 1358 3658 devenerint,
1376 3591 1580 3664 presentibus
1596 3595 1645 3652 ets
1660 3595 1803 3652 interdicte

93 3683 145 3724 ner
170 3668 199 3723 in
224 3667 338 3724 Christo
364 3667 497 3737 feliciter,
511 3667 698 3725 obdormirit·
715 3666 769 3732 Oui
792 3668 921 3740 proferto
974 3675 1088 3733 faciatis
1103 3675 1467 3751 ecclesiasticosubjacere
1481 3679 1622 3753 singulis
1639 3684 1800 3743 diebuslio«

93 3770 161 3811 cum
178 3756 214 3812 ob
231 3757 317 3812 tidem
333 3760 362 3812 ct
377 3773 489 3829 pacem,
506 3758 612 3827 quibus
639 3756 721 3813 nulla
743 3774 863 3829 prorsas
875 3762 921 3814 cst
973 3764 1090 3821 minicis
1110 3771 1138 3821 ct
1163 3766 1286 3835 festivis,
1302 3766 1428 3841 pulsatis
1444 3773 1618 3844 campanis,
1634 3780 1665 3831 et
1680 3773 1799 3832 candelis

92 3860 184 3903 causa
198 3844 377 3901 laudabilior
389 3846 425 3900 ad
441 3847 625 3918 martyrium,
639 3846 814 3919 sanguinem
829 3862 918 3902 suum
972 3854 1115 3923 accensis,
1131 3856 1223 3911 donec
1244 3856 1280 3911 ad
1302 3857 1400 3913 sedem
1417 3858 1618 3929 apostolicam
1635 3864 1798 3921 aecedentes

92 3934 213 4003 fuderit,
231 3932 320 3991 claris
338 3934 414 4006 jem,
426 3942 456 3989 at
471 3935 630 4003 credimus,
648 3934 800 3990 miraculis
815 3950 918 3992 corus·
971 3959 1023 4014 per
1038 3943 1270 4001 satisfactionem
1294 3946 1469 4018 condignam
1485 3955 1670 4009 mereantur
1684 3952 1796 4019 absolvi,

92 4027 189 4082 cesset
211 4023 268 4081 nisi
285 4024 340 4080 hcc
354 4021 471 4080 illorum
496 4022 687 4081 incredulitas
711 4024 867 4096 impediret
882 4026 917 4081 dc
970 4033 1145 4088 sententiam
1161 4032 1333 4104 hujusmodi
1345 4033 1517 4093 solemniter
1529 4037 1730 4100 innovantes·
1747 4042 1797 4098 tttir

92 4130 218 4187 quorum
234 4112 383 4170 similibus
399 4113 429 4169 in
446 4111 601 4187 Evangelio
616 4112 724 4186 legitur
736 4114 814 4183 quod
829 4114 915 4170 lesus
969 4124 1069 4177 autem
1087 4122 1136 4193 qui
1152 4121 1320 4180 orthodoxe
1340 4124 1407 4181 fidei
1422 4124 1483 4181 zelo
1498 4130 1644 4187 succensi
1659 4132 1699 4188 ad
1714 4132 1796 4187 vindi·

91 4219 148 4259 aon
166 4204 292 4260 faciebat
307 4202 347 4258 ibi
363 4203 486 4259 virtutes
502 4202 611 4259 multas
624 4208 743 4275 propter
758 4203 915 4259 increduli·
968 4210 1095 4265 candum
1111 4211 1286 4283 sanguinem
1306 4214 1437 4285 Juotcm,
1448 4214 1500 4287 qui
1516 4217 1554 4273 de
1571 4222 1656 4277 terre
1679 4221 1796 4278 clamere

90 4297 181 4349 tatem
196 4309 308 4365 eorum,
325 4294 396 4365 quia
410 4308 580 4364 quanquam
597 4292 703 4365 linguat
714 4293 751 4364 (9)
768 4310 825 4349 oon
841 4292 915 4349 lide-
968 4315 1025 4355 non
1039 4300 1180 4357 cessatad
1194 4301 1459 4372 coelum,dcnecad
1471 4305 1797 4367 confundendamsub.

89 4379 169 4438 libus
182 4383 232 4439 sed
245 4381 413 4438 infidelibus
424 4381 485 4438 sint
495 4381 524 4437 in
536 4381 666 4455 siguum,
677 4381 912 4439 salvatortameu
966 4404 1066 4446 versos
1078 4394 1107 4445 et
1123 4389 1314 4447 subversores
1325 4391 1362 4448 de
1377 4391 1448 4449 eoelo
1459 4392 1630 4455 descendet
1643 4401 1685 4457 gd
1701 4405 1797 4457 tem„

89 4475 284 4541 presentatus
306 4470 421 4539 llerodi,
438 4470 489 4542 qui
514 4475 589 4527 teste
605 4470 683 4527 Luca
698 4471 782 4528 valde
796 4471 916 4546 gavisus
932 4466 954 4531 D
970 4476 1113 4534 Dominus
1125 4478 1416 4548 ultionum,viriliter
1424 4496 1457 4538 se
1466 4482 1658 4546 accinxerint
1668 4490 1799 4547 advertat

89 4561 135 4613 flii
150 4558 211 4614 vi⁸⁰
231 4559 306 4629 59⁸⁰,
322 4575 373 4631 trr0
389 4575 422 4615 80
437 4559 514 4630 quod
538 4559 658 4633 signum
682 4559 799 4633 aliquod
816 4561 915 4617 vidore
970 4565 1333 4640 huiusmodipestilentes,
1344 4571 1395 4643 qui
1405 4569 1496 4627 simul
1507 4571 1539 4629 in
1550 4589 1652 4634 unum
1664 4582 1798 4652 etpacera

90 4644 153 4701 fleri
170 4645 205 4701 ab
228 4645 279 4701 illc
303 4647 450 4718 sperabat,
461 4652 490 4703 et
506 4649 600 4705 facere
621 4648 795 4719 dedignatus
811 4655 856 4706 est
871 4649 913 4705 si·
969 4659 998 4711 et
1008 4654 1159 4711 veritatem
1172 4656 1358 4731 impugnant,
1370 4676 1492 4717 suorum
1509 4663 1729 4726 remissionem
1741 4684 1799 4741 pet·

90 4750 182 4807 gnum
203 4738 232 4791 et
251 4734 372 4791 reddere
400 4735 590 4810 interroganti
615 4752 801 4809 responsum,
817 4737 914 4794 sciens
970 4744 1120 4801 caminum
1133 4763 1150 4803 a
1164 4745 1223 4803 Deo
1236 4747 1360 4820 ejusque
1377 4748 1487 4806 vicario
1499 4765 1609 4811 secure
1620 4758 1799 4828 promittatis

89 4823 167 4897 qu⁰d
191 4822 220 4878 iu
242 4821 409 4894 Oprrriifflrss
425 4824 576 4895 signorum
596 4841 653 4881 11011
669 4824 853 4882 credulitatis
868 4827 913 4882 iu·
969 4832 1126 4903 indultam,
1140 4841 1172 4891 ut
1185 4835 1228 4892 cis
1242 4835 1326 4893 labor
1340 4835 1509 4909 hujusmodi
1520 4839 1799 4915 adoperiasatisfa·

88 4912 189 4970 ductio
210 4912 260 4968 sed
284 4911 420 4967 vocitatis
444 4912 528 4969 illum
557 4912 713 4970 admiratio
738 4914 911 4974 delectabat.
969 4921 1095 4979 ctionem
1110 4923 1236 4981 sufficiat
1246 4940 1336 4999 super
1348 4925 1408 4983 illis
1418 4927 1536 4986 offensis
1547 4946 1604 5001 pro
1614 4934 1799 5007 quibuscor·

88 5001 168 5059 Licet
182 5006 280 5057 autem
302 4998 353 5055 illa
378 5017 468 5072 pravo
483 5005 511 5056 ct
526 5018 662 5072 perversa
687 5006 837 5076 generatio
854 5024 911 5064 non
968 5012 1014 5070 dis
1029 5013 1234 5072 contritionem
1250 5020 1279 5072 et
1293 5017 1354 5074 oris
1368 5017 1586 5077 confessionem
1598 5039 1708 5084 veram
1724 5028 1801 5084 ecta·

86 5092 123 5149 sit
139 5092 229 5164 digua
246 5095 276 5147 ut
292 5094 351 5148 tam
362 5090 433 5156 cito,
445 5089 523 5147 sicut
539 5092 662 5148 forsitan
679 5093 913 5168 ipsaqucerit,de
967 5100 1395 5177 lerintvoroDeo.Hujusmodi
1406 5106 1800 5184 siquidcmpestilentescou

84 5197 138 5237 suc
160 5181 216 5236 sibi
245 5184 371 5253 martyre
386 5180 473 5236 detur
487 5181 617 5254 signum,
635 5184 787 5255 expedisse
813 5190 911 5243 tamea
967 5196 1084 5249 tantum
1095 5193 1159 5265 jam
1175 5198 1276 5251 nostra
1290 5194 1426 5269 diripere,
1434 5198 1485 5255 sed
1501 5214 1555 5256 nos
1572 5203 1730 5274 perimere
1744 5222 1800 5264 nte.

83 5270 231 5327 credimus
247 5270 273 5326 ci
290 5274 321 5326 nt
337 5286 412 5327 anus
429 5269 486 5327 iste
506 5288 558 5344 pro
580 5271 656 5343 ipse,
673 5289 709 5328 ne
725 5277 786 5330 tota
800 5280 911 5348 pereat,
967 5279 1095 5350 liuntur;
1112 5297 1164 5338 nec
1176 5281 1270 5340 solum
1282 5284 1317 5340 ad
1329 5283 1536 5358 perimendum
1547 5289 1800 5371 animaslingaat

121 5432 173 5503 (θ’)
189 5429 319 5486 Historia
333 5430 486 5516 affiigens,
501 5432 581 5518 dictis
593 5435 678 5503 suctu.
751 5504 757 5518 .
967 5441 1030 5524 cod.
1047 5458 1104 5499 ms.
1127 5442 1311 5503 bibliothece
1326 5446 1511 5507 Colhertine.
1539 5450 1722 5527 legendum
1737 5470 1800 5531 ergo

117 5504 158 5574 (9)
174 5502 342 5574 ltaynaldus
358 5509 492 5575 repoenrt
511 5507 662 5560 meraculo.
678 5504 733 5561 Sed
750 5523 778 5561 ru
797 5514 911 5582 regesto
968 5530 1060 5584 sepau.

83 5579 112 5632 et
127 5574 156 5629 in
174 5574 296 5630 historic
319 5573 417 5646 atbtg.
434 5572 542 5646 legitur
566 5575 682 5648 tiupuee,
704 5576 792 5633 ctiam
808 5580 837 5638 in
853 5589 908 5641 vet.
