3780 6000
5 236 12 245 '
95 238 165 300 {lta
577 240 785 303 ruuocouru
804 248 843 303 ιιι
862 248 915 303 aa.
935 238 1179 305 auocaroadll
1199 244 1266 303 tta.
1286 246 1320 302 x.
1729 242 1795 309 arla

92 368 194 441 itaque
208 372 291 425 vetus
306 368 494 440 termentum,
511 373 544 426 ut
557 370 622 426 altis
636 382 710 427 uoaa
733 371 914 444 conspersio,
930 373 958 439 Α
972 371 1050 444 qaod
1067 369 1116 427 illa
1132 374 1177 428 eat
1190 386 1258 429 vara
1273 370 1346 427 tides
1360 371 1387 427 el
1403 374 1493 437 reeta,
1508 374 1677 431 secuudum
1694 374 1800 432 doctri·

97 459 254 516 sieutestie
265 460 368 533 azpmt,
380 476 438 516 non
450 460 480 515 in
492 460 634 517 termento
650 459 768 518 malitia
777 466 805 518 et
815 462 918 534 nequl—
975 476 1042 519 narn
1067 463 1257 534 apostolicam
1267 466 1296 519 et
1307 462 1518 536 prophetiam,
1530 480 1620 536 qnam
1633 467 1720 523 sedes
1735 483 1801 541 apo·

94 550 154 618 tio,
171 549 221 605 sed
237 548 267 605 in
283 550 393 622 azymis
422 550 600 606 sinceritatis
615 555 645 607 et
658 551 800 619 veritatis,
824 555 919 608 atten-
974 553 1077 610 alclica
1090 552 1280 626 dogmatizat,
1297 552 1343 608 oui
1360 568 1425 618 noe,
1440 552 1509 610 licet
1529 555 1686 624 immeriti,
1703 562 1801 630 presi·

95 638 313 695 deutaaaiolsis
325 638 539 712 prophetis,qui
550 639 672 696 veniunt
683 642 718 696 ed
731 656 782 697 vus
793 641 822 697 iu
836 640 919 696 resti·
973 645 1088 714 demus,
1105 646 1134 699 at
1147 643 1178 698 io
1193 641 1356 700 novissimo
1381 641 1507 700 districti
1528 643 1637 715 judicii
1663 647 1713 703 dia
1736 654 1801 706 anta

92 727 202 784 mentis
212 726 511 795 ovium,iutrlnaecue
523 733 619 786 antam
632 733 703 785 suut
713 728 774 800 lupi
786 744 918 804 rapaces,
973 731 1104 789 tribunal
1127 730 1223 805 ipatus
1251 744 1342 803 super
1355 729 1410 788 boo
1425 730 1482 804 lpai
1498 744 1550 806 pro
1565 735 1653 791 vebia
1666 737 1802 795 volumus

91 818 254 890 prasertim
267 818 302 874 ab
313 817 413 891 impiis
429 816 606 888 tianiohale,
616 821 666 892 qut
678 834 709 877 aa
720 821 861 877 catharos
873 819 917 876 vel
972 821 1166 893 respondere;
1182 817 1404 892 interpellantes
1415 834 1466 876 voa
1476 820 1512 876 ad
1525 820 1601 878 illud
1617 821 1727 881 divinae
1743 838 1804 883 ma·

90 910 250 964 Petarenos
260 908 549 980 appellant,qoorum
562 908 707 965 insaniam
724 909 832 965 Paulae
847 925 917 979 apo·
970 910 1087 982 jastalia
1113 908 1255 976 tribunal,
1269 922 1368 965 coram
1383 925 1443 982 quo
1458 907 1579 968 taudem
1603 913 1746 971 astabitis
1760 930 1805 971 se·

91 995 188 1054 atolua
203 996 233 1052 ln
248 997 357 1069 Spiritu
383 1001 483 1054 sancto
511 994 641 1068 previdit
653 1002 682 1054 et
697 998 830 1071 predixit
854 1012 917 1054 essa
972 999 1102 1056 cundum
1119 999 1225 1055 marita
1240 997 1398 1070 accepturi,
1415 1001 1448 1055 ut
1471 1004 1668 1070 aspernantes
1682 1006 1713 1059 et
1726 1003 1805 1060 date·

35 1111 38 1120 ·
89 1086 249 1154 vitandam,
263 1086 397 1144 scribens
412 1087 488 1143 inter
503 1091 609 1144 catara
628 1087 918 1160 Timotbe0:8piretaa
971 1093 1084 1146 stantes
1096 1087 1170 1145 laisa
1180 1090 1319 1161 dogmata
1333 1087 1473 1144 heraliae
1487 1089 1806 1165 pravitatia,ampleaa·

88 1175 198 1249 inquit,
209 1176 358 1249 manifeste
370 1176 438 1233 dicit
448 1179 514 1249 qaia
529 1176 560 1233 ia
574 1177 735 1234 nouissimis
749 1178 917 1250 temporibus
972 1179 1045 1235 mint
1057 1177 1249 1235 etaeotemioi
1260 1192 1360 1234 veram
1372 1178 1537 1234 doctrinam
1548 1180 1805 1251 apostolicaesedis

90 1265 228 1323 discertent
243 1267 387 1338 quideme
396 1266 460 1338 slata,
471 1269 644 1323 attendentes
654 1269 803 1339 spiritibus
814 1268 917 1325 erroris
971 1282 1062 1340 supra
1072 1267 1189 1323 firmam
1203 1270 1315 1341 petrum
1332 1266 1803 1328 immobilisoliditatalundatam

33 1422 36 1426 ,
89 1355 264 1413 &doctrinis
290 1356 505 1427 demoniorum,
522 1359 552 1413 iu
571 1357 714 1430 hypocrisi
742 1359 916 1431 loquentium
971 1357 1194 1414 reminiscentes
1209 1355 1278 1428 quid
1293 1354 1566 1427 ollmpromieeritie
1578 1358 1805 1432 noblsluterpo·

88 1446 276 1513 mendacium,
290 1447 318 1501 et
332 1447 513 1503 cauteriatam
528 1446 689 1503 labantium
705 1447 914 1517 comedentium,
970 1447 1026 1505 aito
1039 1448 1208 1520 juramento
1220 1447 1249 1502 in
1261 1458 1350 1502 mauu
1360 1445 1537 1503 venerabilia
1554 1449 1659 1505 tratrla
1674 1449 1801 1506 nostrl...

89 1530 914 1609 prohibentiumacimaetensemacibtapaasbeuacrea·
969 1534 1801 1612 aerrsrtensisepiscoptqnandocommuntautsgrattau

89 1627 174 1684 ailad
186 1625 466 1699 percipiendamcam
480 1629 638 1698 pretiorum
646 1630 754 1685 dellens
765 1646 781 1685 a
787 1626 916 1701 fidelibus
970 1625 1111 1684 diuvobla
1122 1626 1304 1683 subtractam
1316 1638 1367 1698 por
1380 1627 1444 1698 ejus
1460 1626 1665 1684 ministerium
1680 1632 1802 1701 patarea

89 1724 118 1773 et
129 1716 165 1772 tia
177 1714 227 1788 qui
236 1724 426 1789 coposuerunt
441 1717 595 1786 veritatem,
605 1717 672 1790 quio
686 1715 915 1775 emolamentum
969 1719 1053 1775 vobis
1078 1716 1264 1774 restituimus
1292 1716 1410 1789 pietate.
1439 1716 1582 1783 Quocirca
1610 1718 1798 1777 devotionem

91 1804 142 1862 llas·
156 1805 225 1862 lonc
240 1810 266 1861 et
278 1803 356 1861 nibil
368 1805 552 1879 rejiciendum
575 1807 651 1879 quod
672 1823 734 1863 com
757 1805 917 1880 pretiorum
971 1815 1098 1864 vestram
1112 1820 1267 1862 monemus
1282 1809 1312 1863 at
1324 1802 1515 1862 exhortamur
1537 1806 1567 1864 in
1594 1808 1737 1877 Domino,
1753 1824 1800 1882 par

88 1892 195 1952 actiaca
214 1896 383 1967 percipitur,
393 1895 585 1968 sanctificatur
594 1896 668 1954 enlm
681 1908 732 1970 par
744 1897 859 1954 verbum
869 1896 919 1954 Ilei
972 1893 1133 1970 apostolica
1146 1895 1229 1953 vobia
1241 1894 1352 1970 scripta
1366 1895 1541 1952 mandantes
1555 1901 1710 1970 quatenus
1721 1914 1802 1955 vaoe-

92 1984 388 2054 eloratioaamfflim.
399 1985 448 2059 ιν).
460 1987 532 2043 ldcce
543 1992 812 2060 quamexpressaet
823 1987 919 2044 mani·
972 1986 1057 2043 rabili
1073 1985 1155 2042 tratri
1171 1989 1306 2042 nostro...
1326 1984 1462 2057 episcopo
1476 1988 1584 2056 vestro,
1600 1986 1650 2043 cul
1666 1986 1801 2044 dedimus

91 2073 919 2149 lastePaulusapostolus,voselaotionlsetdoctorgeu·
971 2073 1001 2134 lu
1018 2075 1168 2150 praeceptis
1190 2080 1224 2132 ut
1246 2073 1378 2133 districte
1407 2072 1534 2148 corrigat
1563 2075 1801 2134 clericorumax·

91 2164 806 2242 tium,segregatusindrangaltumDel,quodipac
818 2169 853 2226 ab
865 2168 918 2225 bo·
971 2182 1073 2225 ceaaue
1089 2178 1214 2238 quorum
1232 2174 1319 2237 prava
1332 2178 1382 2222 voa
1397 2163 1529 2238 exempla
1543 2165 1729 2223 conturbant
1743 2180 1801 2224 ora·

93 2254 588 2329 minenouaccepitnaodidicit,aed
599 2258 861 2330 perravalaticuem
875 2273 918 2314 so·
973 2256 1049 2312 datis
1064 2261 1093 2313 at
1107 2252 1302 2327 acquiescatis
1316 2253 1346 2310 io
1359 2253 1395 2310 iis
1410 2268 1474 2326 quae
1489 2250 1626 2311 redolent
1642 2255 1802 2313 moraaho·

94 2344 247 2402 lummcdn
257 2344 611 2415 teauttbrieti,damnntat
622 2347 918 2419 improbatvessunm
972 2349 1073 2402 uastos
1083 2342 1206 2401 etlldam
1219 2343 1339 2417 sapiunt
1353 2341 1544 2400 orthodoxam
1557 2358 1564 2411 ;
1580 2354 1640 2401 uon
1651 2344 1799 2402 mandali-

95 2437 203 2510 dogma
217 2430 321 2506 perlldl
337 2430 499 2508 Manichei,
511 2435 588 2510 quod
601 2452 658 2494 non
669 2434 765 2495 solum
776 2437 812 2495 ab
823 2434 920 2495 ortho·
972 2440 1072 2491 zontas
1082 2434 1198 2490 animas
1210 2437 1322 2489 vestras
1333 2434 1362 2488 in
1372 2446 1405 2490 eo
1416 2434 1496 2505 quod
1508 2432 1595 2504 aliqui
1609 2433 1800 2491 aliterrivunt

96 2524 176 2582 doxa
187 2523 255 2582 fidei
265 2525 398 2594 varitate,
411 2538 512 2583 varum
525 2524 787 2585 eliamanaturalis
797 2527 919 2585 rationis
973 2540 1061 2597 quarn
1085 2524 1209 2580 doceant
1222 2539 1229 2579 r
1246 2522 1316 2594 quia
1331 2522 1408 2578 siout
1423 2521 1581 2579 infirmitas
1609 2524 1721 2580 medici
1744 2526 1798 2580 vim

89 2614 204 2688 jndicio
214 2619 260 2672 ast
267 2616 384 2687 penitus
394 2614 591 2673 alienumllle
601 2618 708 2690 quippe
718 2630 785 2674 cum
797 2630 919 2691 sequen·
973 2630 1031 2671 non
1046 2612 1168 2685 impedlt
1182 2610 1344 2681 medicine,
1358 2611 1400 2668 aio
1413 2611 1555 2683 iniquitas
1570 2613 1799 2671 sucerdotisvir·

3 2752 7 2763 .
92 2702 173 2762 tibus
183 2704 247 2762 suis
257 2704 434 2778 dogmatlzat
444 2704 918 2779 corporaleeolboancnessecrea·
971 2707 1065 2760 tutem
1079 2716 1137 2759 nou
1152 2706 1275 2759 evacuat
1289 2701 1466 2758 sacramenti
1480 2701 1533 2775 (7).

92 2796 138 2852 toa
149 2810 167 2851 ι
178 2796 245 2866 Deo,
256 2796 305 2852 sad
321 2809 339 2851 a
353 2792 482 2865 diabolo,
498 2809 587 2869 quem
605 2795 733 2869 appellat
757 2796 917 2870 prluelpem
1008 2793 1114 2849 Datum
1131 2791 1275 2862 Laterani,
1286 2806 1316 2847 rr
1330 2790 1394 2847 Kal.
1410 2790 1488 2863 licii,
1505 2806 1582 2849 anuo
1597 2792 1728 2850 docimo.

92 2883 293 2954 tenebrarum,
310 2901 327 2941 ι
341 2899 400 2957 que
415 2886 554 2942 universa
572 2883 735 2956 corporalia
748 2890 778 2942 et
791 2882 920 2941 visibilia
1364 2907 1417 2966 ιγ.

93 2974 165 3033 dicit
183 2988 249 3031 osse
278 2977 386 3031 creata.
404 2977 541 3031 talavera
556 2970 640 3031 docet
653 2972 735 3031 cibos
750 2988 767 3030 ι
781 2976 838 3031 Deo
853 2989 919 3031 ease
972 3016 1104 3057 „mmm
1125 3016 1301 3067 nmmum,
1322 3016 1351 3055 H·
1371 3012 1556 3062 mmmm„
1577 3015 1747 3057 ,nmmo
1770 3018 1799 3057 ῃ

93 3066 217 3133 creatos,
233 3067 262 3121 at
277 3064 342 3121 ideo
366 3056 570 3137 percipiendos
587 3079 651 3121 esee
667 3062 834 3120 alldsllbua
849 3080 917 3121 cum
1185 3106 1209 3146 Β.
1231 3105 1397 3147 ,emmo
1411 3103 1590 3146 mmmm,

91 3150 491 3227 nationibusgrattarumatle
501 3150 636 3227 probibet
647 3153 916 3225 nubere‚damnaua
932 3119 953 3187 c
971 3182 1018 3238 Εἰ,
1030 3180 1212 3237 mmmmm,
1225 3181 1399 3236 mmmm
1422 3178 1535 3235 maim„
1556 3194 1642 3251 „qm
1661 3178 1800 3239 ‘mum

91 3242 274 3316 conjugium,
290 3246 319 3299 at
341 3258 477 3300 asserens
492 3259 551 3301 oon
567 3259 632 3300 esse
647 3244 745 3316 majus
760 3247 914 3317 peccatum
1003 3254 1125 3324 passeris
1141 3253 1256 3309 (terren.
1268 3252 1408 3316 Ecclesiae,
1419 3268 1502 3322 super
1516 3267 1571 3322 pua
1584 3251 1726 3310 electione
1739 3254 1800 3310 Sol·

91 3331 220 3404 polluere
247 3331 430 3390 matremvel
447 3330 538 3389 illium
567 3348 656 3404 quam
686 3336 853 3390 extraneam
870 3331 915 3390 vel
1004 3326 1151 3397 rebarque.
1166 3325 1293 3380 Ecclesia
1303 3326 1352 3397 jus
1367 3323 1468 3381 actm
1480 3325 1535 3379 viti
1548 3325 1722 3382 vindicabat.

90 3420 232 3495 ignotam.
243 3415 301 3478 late
315 3428 383 3478 vc'ro
398 3420 584 3478 commendat
598 3414 916 3494 conjugiumpsaerena
1161 3412 1320 3484 (Laterani,
1335 3430 1383 3470 ιιι
1397 3412 1460 3471 Kal.
1475 3412 1604 3485 Aprilis.)

90 3502 163 3567 illud
180 3518 322 3583 magnum
337 3509 462 3567 existere
478 3514 699 3567 sacramentum
713 3509 744 3567 ln
757 3510 872 3567 Christo
887 3513 916 3568 el
1005 3517 1171 3586 conquesta
1195 3518 1240 3569 eat
1263 3512 1349 3570 uubis
1373 3511 1532 3570 (turcensis
1560 3512 1696 3571 Ecclesia
1721 3515 1797 3587 quod

11 3668 16 3675 Ι
91 3600 121 3657 in
137 3598 276 3665 Ecclesia,
284 3598 370 3672 juxta
385 3601 463 3673 qood
481 3597 679 3672 protoplastus
692 3599 834 3673 evigilans
850 3616 914 3671 pro·
969 3602 1198 3675 superlibortals
1206 3600 1262 3659 eibi
1274 3600 1442 3675 pontillcem
1449 3601 1577 3674 eligendi
1587 3602 1798 3676 salseburgen·

90 3689 245 3763 phetavit:
262 3691 328 3760 lloc,
344 3689 452 3762 inquit,
467 3707 541 3746 nuuc
563 3704 594 3745 aa
612 3706 649 3744 ea
671 3689 778 3746 ossibus
793 3684 873 3761 maia
889 3688 916 3746 al
968 3692 1011 3749 ais
1029 3692 1160 3749 Ecclesia
1172 3691 1268 3765 ipsam
1284 3691 1415 3748 indebite
1430 3690 1617 3760 molestabat,
1634 3699 1797 3764 quamtum

88 3795 153 3837 caro
167 3777 200 3836 da
214 3792 298 3836 corne
326 3794 399 3836 mea.
416 3779 534 3851 Propter
548 3778 597 3835 boc
615 3778 756 3851 relinquet
770 3776 848 3834 bomo
861 3796 913 3850 pa·
969 3782 1079 3852 dejure
1088 3779 1239 3838 communi
1250 3796 1340 3852 quam
1351 3780 1506 3852 antiquam
1532 3783 1751 3839 consuetudine
1766 3799 1797 3840 ao

90 3875 163 3927 trem
173 3874 199 3927 et
211 3879 338 3935 matrem,
348 3872 373 3925 ct
383 3868 536 3926 adbaercbil
552 3870 636 3924 acori
649 3882 718 3937 aare,
730 3870 756 3924 et
767 3876 848 3924 arunt
858 3870 914 3924 aluo
969 3870 1122 3944 privilegio
1132 3870 1285 3942 speciali...
1300 3869 1458 3926 Gurceosis
1472 3869 1607 3927 Ecclesiae
1622 3877 1797 3943 procuratur

90 3959 122 4016 ia
149 3974 233 4016 corae
258 3975 315 4014 aaa
339 3958 414 4026 [Gen.
432 3974 471 4026 113
495 3957 583 4028 prav
597 3956 635 4028 v).
652 3956 779 4028 Ideoque
806 3958 915 4015 nubere
969 3961 1064 4016 eidem
1081 3964 1246 4033 competere
1261 3959 1452 4030 proponebat.
1464 3958 1641 4017 Cuicumea
1656 3969 1740 4034 parte
1754 3964 1795 4019 ol·

92 4047 197 4104 melius
212 4047 284 4105 dicit
299 4063 364 4103 asae
386 4062 475 4118 quom
492 4044 549 4100 uri.
561 4043 619 4100 Cur
645 4049 742 4101 autem
759 4045 788 4101 in
804 4043 914 4103 talibus
968 4054 1031 4106 tera
1046 4050 1178 4119 quadarn
1193 4048 1370 4119 attineretur
1384 4048 1619 4121 scamarisque
1635 4052 1794 4123 superbae

91 4139 290 4205 immoramur,
304 4153 369 4193 cum
381 4134 691 4192 interomneaerroraa
702 4133 749 4190 hio
765 4134 804 4191 sit
819 4136 915 4208 magia
969 4154 1021 4210 pro
1036 4136 1259 4209 salseburgensi
1276 4137 1428 4193 dicebatur
1447 4136 1578 4194 Ecclesia
1593 4140 1795 4213 promulgata,

6 4266 9 4271 -
90 4228 208 4298 insana,
223 4230 252 4283 ot
274 4225 350 4282 inter
372 4241 475 4282 omnes
494 4232 607 4281 errores
622 4218 669 4281 hic
684 4224 724 4281 sit
738 4223 832 4297 magis
846 4224 913 4282 hcr-
967 4226 1045 4284 idem
1061 4227 1189 4285 asseruit
1204 4226 1315 4284 nullam
1331 4242 1421 4298 super
1433 4227 1488 4283 hoc
1502 4229 1683 4286 sententiam
1697 4229 1793 4302 prola·

90 4317 197 4388 ribilis,
211 4320 354 4389 tanquam
379 4314 430 4387 qui
454 4329 511 4370 noo
526 4313 624 4369 solum
653 4313 850 4385 evangelicam
864 4331 913 4372 ve·
969 4317 1250 4374 tamluisss.Vsrum
1262 4315 1796 4389 exhibitionobiaqnibusdamlittaris

89 4405 204 4462 ritatem
220 4406 489 4477 impugnat,verutn
505 4403 593 4460 etlam
610 4402 846 4477 phllcscpblcam
862 4405 912 4461 do·
967 4405 1142 4463 venerabilis
1157 4404 1256 4463 fratris
1272 4404 1398 4462 nostri...
1415 4406 1545 4478 episcopi
1562 4405 1797 4479 Friaingenaiaat

87 4494 212 4550 ctrinam
224 4494 408 4565 avertitque
423 4493 512 4548 tradit
527 4500 620 4549 unum
632 4502 696 4549 asae
707 4493 913 4550 universorum
929 4484 953 4553 D
968 4495 1065 4552 dilecti
1082 4495 1168 4552 dlii...
1181 4493 1297 4550 abbatis
1312 4494 1427 4551 Sanetus
1440 4494 1552 4564 Grucia,
1568 4511 1635 4567 quae
1650 4497 1794 4554 videban-

87 4588 149 4640 tam
162 4582 322 4639 visibilium
338 4598 428 4654 qnam
444 4581 638 4638 invisibilium
654 4582 912 4638 conditoremau-
967 4589 1017 4641 tur
1030 4584 1121 4641 latum
1137 4585 1173 4640 ab
1188 4583 1262 4656 ipsis
1286 4583 1395 4640 dictam
1425 4585 1600 4642 sententiam
1630 4587 1792 4657 continere,

87 4675 146 4746 gite
161 4672 271 4744 itaque,
287 4673 380 4745 fugite
394 4671 592 4728 damnabilem
603 4676 632 4728 et
642 4673 828 4740 damnatum,
839 4671 912 4744 quin
966 4670 1045 4731 idem
1060 4672 1213 4746 proposuit
1226 4673 1442 4745 subsequenter
1456 4674 1534 4745 quod
1550 4674 1660 4746 praelati
1673 4675 1793 4747 judices

86 4759 912 4832 etiamdamnosumetdamuantcmearoremquiteuabraa
967 4779 1020 4819 nec
1029 4761 1171 4818 ordinarii
1182 4762 1307 4829 inerant,
1320 4777 1373 4818 nec
1384 4761 1489 4818 arbitri
1501 4763 1701 4820 communiter
1708 4765 1793 4822 electi

87 4851 243 4908 interiores
258 4849 372 4907 inducit
395 4858 425 4908 nt
450 4851 487 4907 ad
511 4851 646 4907 tenebras
673 4849 830 4906 anteriores
846 4866 912 4921 par·
966 4850 1139 4924 apartibus,
1155 4866 1249 4922 neque
1263 4849 1420 4907 constabat
1433 4851 1512 4922 quod
1528 4850 1638 4908 fuerint
1652 4853 1793 4926 delegati,

79 4942 190 5009 'ducat3
201 4945 230 4998 et
240 4938 330 4996 nolite
341 4940 527 4997 obtenebrari
537 4952 603 4996 cum
616 4939 675 4995 illis
685 4939 736 5011 qui
746 4940 912 4997 intentares
967 4941 1045 4997 unda
1055 4941 1132 5012 quod
1144 4944 1308 4997 statuerant
1321 4939 1412 4996 robur
1421 4939 1529 4997 habere
1541 4957 1599 4997 uon
1611 4946 1728 5013 poterat
1742 4944 1791 5000 sar·

85 5032 167 5105 ipsus
178 5047 243 5088 saec
254 5028 534 5100 creatuaaprincipe
558 5028 763 5096 tenebrarum
776 5029 827 5086 aad
843 5028 911 5084 illu·
967 5029 1281 5096 mitatie,contendane
1297 5028 1421 5086 Gureen.
1435 5029 1590 5087 canonicos
1601 5028 1791 5090 liberesuum

84 5121 241 5178 minamini
257 5119 435 5192 magianum
451 5119 488 5176 iis
503 5118 554 5192 qni
570 5135 601 5176 ee
617 5119 912 5176 confitenturePataa
966 5117 1131 5192 pontificem
1143 5116 1794 5191 hacteuuselogissequemuaumauiilcianter

84 5211 232 5267 luminum
242 5209 522 5281 casaureatoa,apud
536 5225 623 5282 quem
635 5209 830 5265 tenebresuon
841 5210 912 5263 sunt
966 5223 997 5264 aa
1012 5205 1139 5263 asseruit
1154 5206 1361 5276 probaturum.
1378 5205 1508 5279 Cumque
1521 5206 1578 5279 ipsi
1593 5214 1672 5266 esset
1688 5226 1724 5267 ea
1741 5213 1792 5268 ad·

85 5298 310 5357 ullae.Nosauim
326 5298 507 5371 spondemus
519 5315 570 5370 pro
580 5298 663 5354 vobis
675 5297 753 5369 apud
763 5295 911 5352 Christum
966 5310 1231 5365 versurseponsum
1248 5293 1552 5368 memoratoajudices
1561 5314 1597 5354 aa
1607 5296 1793 5373 delegatione

84 5391 198 5458 desum,
212 5387 260 5463 qui
273 5392 415 5446 venturus
426 5393 472 5445 sat
482 5387 618 5461 judicare
628 5387 709 5444 vivus
724 5389 754 5442 et
768 5389 910 5455 mortuos,
966 5384 1015 5444 iel.
1024 5399 1112 5442 mam.
1122 5382 1276 5441 alexandri
1289 5401 1369 5457 papa
1380 5385 1419 5442 111
1430 5386 1569 5446 babuisse
1583 5389 1792 5449 auctoritatam

121 5598 161 5680 (l)
176 5604 250 5662 Vide
264 5602 374 5662 Balurli
391 5605 476 5661 notas
490 5602 526 5659 ad
541 5590 738 5674 agobardum,
754 5613 822 5674 pag.
837 5600 883 5658 66.
