3780 6000
124 257 193 317 1271
605 243 815 301 trinoctium
833 240 945 296 111PP.
965 237 1214 292 RRGRSTORUM
1232 237 1299 291 tte.
1319 238 1356 290 X.
1779 231 1833 289 tte

126 384 204 439 utet
220 376 377 432 missorum
390 368 586 428 solemnielbi
598 365 736 432 celebret,
746 364 951 421 etexhortsto-
966 359 992 427 Α
1007 358 1061 415 tris
1073 358 1166 415 nostri
1181 356 1257 414 Petri
1273 356 1487 429 erchiepiscopi
1505 356 1602 415 vestri
1630 371 1728 428 quem
1742 359 1832 426 toc,lli

128 470 206 528 rium
218 466 307 522 locist
319 464 355 519 de
367 461 421 518 hec
431 457 600 516 celebritate
610 470 789 524 sermonem,
801 469 873 509 neve
884 451 954 506 lide-
1008 449 1128 516 decens,
1138 447 1327 520 precentoris
1333 450 1362 502 et
1369 444 1514 503 cellerarii
1524 450 1556 502 et
1563 445 1700 502 eliorum
1711 461 1834 517 quorun

132 559 169 616 lis
184 553 312 630 popolus
327 549 479 606 temelicos
506 546 542 603 eb
572 545 618 601 his
649 543 760 616 nuptiis
782 544 957 611 revertetur,
1009 534 1566 594 demexcanonicievestrisvobiscom
1578 534 1833 607 puriterinuostru

135 650 241 720 prester
253 638 432 700 materialem
443 633 679 703 etdootriuulem,
689 630 873 706 spiritualem
882 646 955 702 quo·
1010 625 1165 699 presentie
1187 624 1377 684 existentium
1393 625 1435 682 sic
1447 625 1587 697 exposito
1598 628 1634 680 ut
1648 623 1833 698 archiepisco·

141 751 198 809 que
213 732 269 790 sibi
281 729 380 786 cibum
390 724 552 799 impendet,
568 721 771 780 remissionem
786 718 875 776 unius
890 716 959 775 enni
1011 733 1066 787 pus
1082 716 1112 771 iu
1127 713 1344 788 spiritualibus,
1368 730 1421 770 vos
1443 719 1545 771 sotem
1575 714 1607 769 iu
1630 715 1833 787 temporalibus

142 826 178 881 de
191 818 331 893 injunctis
342 812 581 888 sibipenitentiis
593 810 774 881 indulgendo
782 809 850 879 (56).
862 808 959 864 Mone-
1008 804 1247 875 jurisdictionem
1259 819 1347 876 super
1358 804 1473 861 eosdem
1481 803 1693 876 presbyteres
1707 803 1833 862 hebeetis

140 928 209 970 mue
224 909 316 982 igitur
327 910 356 962 et
370 904 560 961 obsecremus
576 915 761 957 successores
777 902 894 954 nostros
909 912 961 970 per
1012 893 1062 950 list
1081 898 1180 950 numm
1195 898 1278 950 tenor
1296 893 1430 964 ejusdem
1446 892 1616 950 authentici
1631 893 1746 964 scripti
1760 893 1833 950 tulis:

141 1002 244 1060 Jcsum
259 994 419 1062 Christum,
428 992 477 1062 qui
488 994 629 1046 venturus
642 988 828 1059 estjudicsre
846 986 923 1042 uicos
935 989 963 1040 et

136 1089 279 1151 mortuos,
292 1086 325 1138 ut
335 1080 410 1137 hunc
423 1077 653 1145 institutionem,
666 1093 742 1149 que,
755 1075 819 1145 ipso
831 1077 917 1142 teste,
927 1074 962 1129 de

139 1173 257 1249 pietetis
267 1172 346 1228 fonte
357 1167 511 1242 processit,
524 1166 632 1224 socient
644 1160 851 1222 inviolabiliter
862 1165 963 1219 obser·

134 1262 215 1330 vsri3
236 1265 292 1318 suh
304 1252 706 1327 attestationedivlnijudicii
722 1252 913 1326 prohibentes
933 1254 965 1304 ot
1275 1314 1277 1318 Α

136 1342 964 1417 nulliomuinohominumlicesthencpoglnsmnostrre
1050 1337 1223 1404 «Quoniam
1248 1355 1313 1412 qus
1342 1339 1372 1395 iu
1402 1344 1535 1412 tempore
1564 1341 1649 1397 liunt
1676 1346 1838 1398 coesset

136 1437 347 1502 concessionis,
372 1431 593 1490 constitutionis
604 1431 785 1503 etjussiouis
796 1429 965 1500 intringere,
1015 1426 1142 1484 transire
1170 1443 1238 1484 cum
1267 1432 1411 1498 tempore,
1441 1434 1531 1486 restet
1560 1435 1595 1486 ut
1624 1446 1697 1504 quse
1712 1432 1836 1488 memorie

137 1534 193 1587 etc.
209 1524 323 1598 Siquis
339 1527 451 1590 eutem,
467 1527 524 1577 etc.
1017 1531 1190 1573 conservare
1204 1515 1352 1584 volumus,
1368 1534 1405 1574 ne
1419 1517 1568 1576 oblivione
1591 1520 1772 1592 depereunt,
1782 1522 1836 1576 seri·

1048 1048 1062 1076 «
1080 1025 1186 1096 Gurno,
1204 1025 1252 1081 Dei
1269 1025 1363 1098 gratis
1387 1026 1572 1084 senonensis
1593 1025 1835 1101 archiepiscopus,

1013 1114 1152 1171 omnibus
1168 1115 1203 1170 ud
1220 1130 1295 1186 quos
1312 1114 1414 1171 littere
1430 1120 1597 1187 presentes
1611 1117 1802 1190 pervenerint
1814 1118 1836 1173 iu

1013 1203 1138 1260 Domino
1156 1203 1293 1263 salutem.

175 1618 282 1674 Datum
309 1613 407 1670 Rome
432 1611 510 1683 apud
530 1611 669 1666 Sanctum
700 1609 829 1677 Petrum,
845 1624 879 1664 ιιι
904 1607 966 1665 Non
1018 1605 1836 1678 pturscommittemue,qnsteuusecdeminternuuticiu

141 1703 286 1770 innuerit
304 1717 381 1757 enne
393 1699 517 1756 decimo.
979 1693 1129 1787 Bloturis
1147 1695 1330 1766 temporibus
1341 1696 1377 1752 ed
1398 1699 1586 1768 posterorum
1607 1696 1755 1754 notitiem
1766 1699 1839 1771 possit

487 1786 619 1843 CLXXX.
1023 1783 1184 1856 pervenire.
1196 1786 1303 1839 Notum
1323 1783 1362 1840 sit
1379 1785 1469 1858 igitur
1484 1785 1697 1857 presentibus
1711 1792 1742 1843 et
1755 1787 1839 1844 tuturis

143 1896 306 1939 niveesnusu
327 1895 360 1934 nr
377 1890 586 1933 nonsummum
605 1890 917 1946 unrscours,uresnsu·u
932 1891 968 1930 nr
1024 1871 1164 1944 quonium
1181 1873 1249 1929 boni
1264 1877 1293 1930 et
1306 1873 1401 1930 suncti
1427 1875 1527 1931 Patres
1554 1874 1760 1934 ecclesiarum
1774 1894 1841 1950 super

179 1986 270 2027 coum
281 1984 326 2024 usu
341 1982 530 2022 crsrsncuesrs
541 1982 658 2022 onorros
666 1981 887 2022 consumentem
897 1981 969 2022 nrm·
1024 1960 1102 2017 lilios
1117 1976 1187 2018 suos
1203 1961 1359 2034 diligenter
1378 1962 1545 2035 invigilent,
1563 1969 1595 2020 et
1611 1964 1737 2023 eisdem
1751 1971 1843 2023 sustsu·

183 2075 271 2116 cmg,
1025 2050 1124 2108 tondis
1139 2054 1167 2106 et
1182 2049 1476 2124 ulendisjnecesseris
1489 2053 1644 2111 beneficis
1652 2055 1843 2113 misericordie

220 2147 308 2205 Pena
327 2146 508 2212 crematoris,
521 2145 544 2200 si
559 2143 590 2200 in
603 2142 766 2216 probatione
777 2144 887 2215 deserit.
1025 2143 1054 2195 et
1062 2137 1183 2211 pietatis
1204 2139 1326 2197 obtentu
1340 2141 1457 2212 copiose
1471 2141 1674 2214 impendunt.
1699 2144 1779 2212 Quod
1796 2161 1844 2217 pru

337 2233 484 2306 (Viterbii,
500 2250 520 2288 ιι
535 2232 610 2289 Nou.
625 2232 784 2300 Octobris.)
1026 2228 1100 2284 lecto
1116 2226 1285 2298 noneolom
1300 2228 1330 2286 in
1351 2229 1479 2287 Ecclesia
1500 2236 1608 2288 nostre
1625 2234 1685 2290 sed
1700 2238 1731 2290 et
1744 2233 1773 2290 in
1795 2233 1844 2290 eliis

181 2320 546 2386 Siccusuetstemerites‚
576 2337 640 2392 que
665 2319 760 2390 magis
789 2318 914 2377 dicende
927 2322 973 2376 est
1027 2317 1342 2391 perorbemecclesiie
1362 2319 1458 2375 ssucd
1479 2321 1644 2392 pontifices
1662 2324 1842 2389 attendente,

145 2412 321 2487 corruptele,
339 2411 557 2483 relinqueretur
572 2410 689 2482 penitus
705 2409 863 2482 impunite,
884 2409 971 2482 tergi·
1026 2407 1150 2464 diversis
1161 2407 1614 2480 magnificentiesuebenetlciis
1626 2412 1844 2483 ergeliliossoct

147 2503 257 2562 verstri
272 2500 439 2559 volentibus
450 2500 543 2556 libere
558 2499 735 2571 preberetur
750 2497 874 2555 sodecie
889 2496 973 2554 meli·
1027 2495 1139 2554 collutis
1150 2496 1229 2567 piem
1240 2496 1287 2553 sui
1299 2498 1471 2555 memoriem
1481 2500 1517 2556 ed
1530 2504 1678 2571 posteros
1692 2503 1844 2560 transmiee

150 2586 586 2666 guendiUtergojustuslevet
596 2602 779 2643 menussuus
789 2585 974 2659 insenguine
1028 2589 1108 2642 runt,
1121 2584 1216 2656 Hujus
1239 2586 1280 2642 rei
1295 2587 1391 2660 gretie
1412 2590 1441 2644 et
1456 2604 1510 2645 nos
1525 2594 1659 2660 paterno
1675 2591 1783 2649 ellectu
1795 2592 1844 2648 eui·

152 2682 323 2757 peccatoris,
334 2677 504 2735 discretioni
516 2682 617 2734 vestre
628 2693 680 2749 per
690 2675 849 2748 apostolice
865 2675 973 2749 scripte
1028 2691 1135 2748 moque
1149 2674 1276 2748 benigno
1285 2675 1527 2733 charissimorum
1539 2677 1680 2737 liliorum
1696 2687 1845 2739 nostrorum

150 2771 485 2839 mandemusquutenus
496 2765 554 2822 nisi
566 2765 975 2838 Petrosdestumpisltemsn-
1027 2765 1206 2824 senonensis
1217 2764 1352 2823 lloclesie
1375 2766 1586 2823 canonicorum
1604 2785 1718 2841 preces
1735 2772 1846 2844 suscepi

151 2861 197 2917 sis
212 2856 460 2916 cononicueiolrs
471 2857 546 2912 duos
560 2855 756 2927 mensestost
774 2854 974 2911 denuntietis·
1030 2859 1146 2922 mos‚et
1158 2853 1349 2927 quamplures
1360 2855 1498 2912 ccclesiss
1509 2873 1585 2928 ques
1601 2858 1738 2917 diversis
1753 2867 1846 2933 tempo·

155 2963 221 3004 nem
232 2943 518 3003 sibievobisiuctsm
529 2940 977 3014 irreguleritetemillsrnprobu—
1031 2944 1113 3001 rlbus
1127 2943 1219 3000 boote
1231 2944 1384 3015 ‚memorie
1400 2946 1635 3016 predecessores
1655 2949 1755 3006 nostri
1773 2951 1846 3007 sideni

155 3036 230 3092 verit
240 3051 329 3106 qnam
345 3036 544 3089 oontrssuum
555 3029 895 3102 objecitentistitem,vos
905 3046 973 3086 eum
989 3076 1011 3144 C
1031 3033 1187 3090 concentui
1202 3031 1429 3098 contulerunt‚et
1439 3051 1512 3106 quus
1524 3040 1667 3108 tempore
1679 3039 1847 3112 nostroipsi

157 3140 210 3198 pro
225 3126 314 3179 tonte
325 3119 563 3194 presumptionis
575 3135 708 3185 excessu,
726 3135 814 3190 quem
830 3117 974 3176 melitines
1031 3123 1243 3194 concessimus,
1271 3127 1301 3178 ut
1320 3139 1369 3179 ees
1393 3123 1422 3180 in
1448 3129 1627 3196 perpetuum
1667 3126 1847 3200 habentis

154 3208 977 3286 commisit‚prrebendeRemensisEcclesiespolictis,et
1030 3226 1100 3283 pace
1115 3209 1295 3283 possideant,
1311 3227 1386 3282 ques
1412 3211 1548 3269 videlicet
1570 3213 1725 3273 ecclesias
1741 3217 1848 3291 propriu

154 3303 270 3362 lecistis
284 3319 349 3360 eom
360 3302 473 3358 idonee
484 3298 608 3356 cculerri
621 3315 762 3372 persone.
776 3296 976 3356 Theobnldum
1029 3299 1168 3356 duximus
1182 3297 1571 3372 vocabulisexperimendse,
1584 3303 1648 3360 Deo
1659 3311 1786 3364 sectore
1796 3323 1839 3364 σοι

155 3410 222 3451 vero
235 3395 271 3449 de
285 3392 398 3448 Pertico
414 3394 588 3445 lismensem
601 3387 912 3459 archidiaconumqui
926 3404 978 3460 per
1028 3389 1162 3446 cedimus
1182 3394 1211 3445 et
1237 3389 1327 3461 sigilli
1352 3390 1445 3446 nostri
1469 3391 1651 3450 unctoritste
1676 3396 1846 3454 roboremus

154 3483 291 3539 eumdem
302 3485 418 3536 Petrum
435 3479 471 3534 de
486 3493 556 3533 ercu
572 3494 626 3534 suo
642 3477 781 3549 eogittem
797 3476 906 3543 emisit,
919 3476 977 3533 nisi
1027 3477 1186 3536 Ecclesium
1202 3477 1312 3534 scillcet
1328 3478 1364 3535 de
1377 3484 1509 3547 Amorne,
1532 3478 1696 3540 ecclesiam
1714 3485 1754 3544 de
1766 3485 1843 3547 Jolm

150 3586 324 3643 percussum
345 3566 493 3638 dejecerit,
516 3567 553 3622 eb
578 3565 703 3639 eligendi
720 3570 863 3638 potestate
875 3567 975 3639 tquum
1028 3567 1178 3625 ecclesium
1194 3569 1229 3625 de
1251 3568 1342 3635 Breio,
1360 3568 1513 3626 ecclesium
1529 3570 1565 3626 de
1581 3571 1760 3643 llouceltis,
1774 3574 1844 3632 ecclc

149 3659 250 3729 hehet,
260 3675 319 3714 uon
329 3655 427 3714 solum
439 3656 469 3711 iu
481 3654 618 3711 Remeosi
629 3653 974 3728 Ecclesis,verumletiem
1027 3657 1099 3713 siem
1113 3657 1149 3712 de
1162 3657 1275 3727 Moisio,
1291 3656 1445 3715 ecclesiam
1461 3658 1496 3714 de
1511 3658 1715 3732 Compiuioco
1730 3680 1796 3722 cum
1809 3680 1843 3720 ce·

151 3747 274 3804 ubilibet
304 3746 334 3802 in
364 3744 501 3801 itemensi
524 3743 684 3816 provincie,
715 3744 917 3816 suspendetis,
942 3749 975 3801 ut
1026 3744 1104 3816 pelle
1117 3744 1512 3815 deltontinieco,ccclesism
1526 3747 1563 3805 de
1578 3748 1687 3822 Euris,
1703 3753 1844 3811 ecclesium

146 3838 327 3908 cognoscent
364 3835 393 3889 in
423 3850 509 3906 penus
551 3836 698 3905 qnantum
728 3838 917 3891 excesserunt
944 3833 973 3890 in
1026 3835 1062 3892 de
1084 3834 1298 3891 Ponte-Siriscc
1322 3851 1390 3891 cum
1419 3835 1542 3892 ecclesie
1570 3837 1680 3896 Ssncti
1700 3841 1845 3916 AEgn‘diidu

149 3924 248 3997 culpe.
1026 3925 1150 3981 Nemore
1180 3939 1249 3981 cum
1274 3924 1454 3996 appendiciis
1482 3926 1747 4002 suis,selvojure
1764 3930 1846 3988 scorti

185 4014 293 4070 Delum
310 4011 443 4079 Viterhii,
459 4027 488 4068 xi
502 4011 576 4068 Nou.
593 4011 694 4068 Octob.
709 4027 785 4067 euno
802 4011 924 4069 decimo.
1024 4013 1148 4070 loannis
1164 4013 1352 4070 Senoncnsie.
1368 4013 1529 4070 Ecclesiam
1560 4016 1597 4071 de
1624 4017 1744 4078 Sancto
1757 4020 1846 4078 Albino

489 4099 635 4157 CLXXXI.
1026 4119 1094 4159 cum
1109 4101 1220 4173 ospello
1234 4102 1270 4158 de
1285 4102 1401 4170 Melers,
1412 4101 1563 4160 ecclesium
1575 4105 1616 4162 de
1626 4105 1726 4166 Coris
1736 4115 1847 4168 hicnon·

285 4207 311 4246 s.
327 4204 447 4259 necnec,
463 4206 496 4244 ur
509 4204 648 4245 ceruuuuo
668 4203 833 4245 senonensi.
1026 4189 1095 4262 culi,
1125 4189 1277 4247 ecclesiam
1299 4190 1335 4246 ds
1359 4189 1491 4263 Socioco,
1512 4192 1674 4252 ecclesiam
1692 4198 1733 4254 de
1755 4202 1848 4255 senec

307 4279 344 4334 llc
364 4277 578 4349 confirmatione
590 4276 812 4349 privilegiorum.
1026 4279 1163 4346 Mortlno,
1174 4278 1327 4337 ecclesium
1340 4278 1534 4352 deGomerio,
1547 4281 1718 4343 ecclesiam
1735 4288 1773 4346 de
1790 4288 1848 4344 Suu·

256 4368 352 4442 (Apud
366 4369 406 4439 [8.
422 4372 553 4438 Petrum,
569 4386 590 4424 ιι
612 4367 686 4426 Nou.
710 4368 866 4442 leonorii.)
1028 4373 1075 4425 cto
1094 4367 1206 4426 Hilurio
1231 4369 1307 4426 intre
1333 4369 1546 4435 murosurbis,
1570 4370 1741 4433 ecclesium
1764 4374 1849 4434 suurn

182 4457 261 4514 Solet
275 4473 416 4527 sonuere,
432 4460 502 4528 etc,
515 4472 601 4528 sesque
624 4473 758 4514 escensu.
784 4457 930 4530 Antiquos
945 4462 973 4515 et
990 4447 1011 4513 l)
1027 4457 1155 4514 Meuritii
1171 4458 1248 4514 inter
1272 4457 1346 4513 duos
1374 4463 1488 4531 pontes,
1512 4457 1674 4518 ecclesiam
1692 4465 1735 4520 de
1750 4466 1849 4523 Fruteic

147 4546 589 4617 rationabilesconsuetudines,
601 4545 808 4602 immunitates
820 4552 848 4602 et
858 4546 973 4604 liberte·
1028 4546 1360 4617 cumcupellsdecontu
1382 4546 1463 4619 gelli,
1486 4546 1849 4621 ecclesierndesmitise,

149 4641 193 4692 tes
216 4639 341 4703 vestroe,
359 4651 410 4691 seu
436 4635 524 4691 etism
541 4635 757 4703 concessiones,
779 4635 940 4709 presertim
956 4653 974 4692 e
1027 4636 1182 4693 ecclesium
1199 4639 1234 4694 de
1257 4638 1419 4706 Daimonte,
1438 4638 1575 4695 ecclesias
1591 4639 1630 4696 dc
1647 4641 1782 4703 Bruerie
1794 4661 1848 4703 cum

146 4725 230 4778 bone
258 4722 405 4778 memorie
429 4723 562 4779 Gnidone
576 4724 737 4797 senonensi
752 4724 973 4797 archiepiscopo
1028 4726 1140 4798 ospello
1168 4727 1268 4783 Seueri
1296 4727 1434 4794 Victoris,
1450 4727 1606 4785 ecclesium
1635 4731 1675 4787 de
1705 4734 1848 4802 Borcrillu,

147 4812 267 4884 provide
282 4811 364 4869 vohis
376 4812 479 4877 lectus,
491 4814 569 4871 sicut
579 4815 608 4869 in
621 4813 718 4885 ipsius
731 4813 973 4885 scriptosuthen·
1027 4814 1180 4872 ecclesium
1192 4817 1228 4872 de
1242 4816 1429 4872 ttoemvllteri
1447 4823 1475 4872 et
1490 4819 1525 4872 de
1549 4817 1748 4895 Nongeville,
1772 4825 1849 4882 eccle·

145 4902 205 4958 tico
220 4901 399 4972 continetur,
410 4901 488 4974 quod
501 4904 537 4959 de
558 4903 646 4958 verbo
665 4903 701 4958 ed
718 4901 838 4958 verbum
850 4901 973 4961 interius
1027 4905 1102 4962 siem
1120 4907 1155 4962 de
1171 4905 1333 4972 Villeruric,
1350 4904 1505 4962 ecclesiam
1528 4910 1564 4962 de
1587 4907 1709 4969 'l'nloen
1726 4931 1796 4972 com
1808 4931 1846 4970 cu·

141 4992 291 5064 jussimus
302 4990 447 5063 educteui,
457 4996 486 5049 et
496 5009 546 5049 vos
556 5009 590 5049 ee
607 4995 688 5064 Juste
699 5008 732 5048 uc
746 4992 868 5065 pacifice
877 4994 974 5066 possi·
1027 4992 1103 5065 pelle
1120 4993 1219 5049 Sancti
1242 4993 1352 5051 Nicolsi
1368 4996 1404 5051 :te
1417 4993 1569 5052 Villonove
1583 5013 1681 5069 super
1694 5007 1849 5076 Equorum,

148 5081 234 5149 detis,
256 5080 431 5137 auctoritate
451 5081 532 5138 vobis
548 5079 706 5152 apostolice
720 5082 930 5139 confirmemus
944 5087 974 5141 et
1027 5081 1179 5139 ecclesium
1200 5082 1340 5139 B.Merie
1355 5084 1485 5155 ejusdem
1502 5083 1686 5160 Villenove,
1705 5093 1848 5150 ecclesium

146 5169 299 5240 presentis
324 5169 428 5242 scripti
461 5169 623 5242 petrocinio
655 5171 888 5228 communimus.
919 5171 972 5229 lllo
1028 5173 1063 5227 de
1090 5172 1224 5241 Dimone,
1253 5172 1397 5229 ecclesian
1421 5175 1457 5229 de
1482 5174 1626 5248 Lcrrieco,
1647 5180 1811 5241 ecclesium
1823 5182 1850 5237 de

148 5257 257 5327 quippe
272 5256 412 5330 cupitulc,
435 5257 570 5314 videlicet
586 5273 594 5315 :
610 5257 642 5315 Si
654 5258 765 5331 aliquid
789 5261 818 5314 in
842 5259 972 5318 ordinem
1026 5259 1150 5326 Allecto,
1177 5259 1331 5317 ecclesium
1351 5262 1387 5316 de
1410 5262 1502 5319 Bosco
1528 5263 1617 5337 regis,
1633 5271 1801 5330 ecclesium
1824 5272 1851 5327 de

145 5359 227 5399 suum
240 5349 358 5414 suerint,
374 5365 394 5402 a
409 5347 487 5404 nolis
497 5346 531 5403 de
541 5346 896 5417 poeuitsmiotcntummcdc
911 5366 971 5407 ccr-
1026 5348 1217 5422 Chanuolls,
1234 5350 1387 5407 ecclesium
1404 5352 1440 5408 de
1455 5350 1635 5411 Gustelleriis
1658 5372 1736 5417 cum
1752 5360 1852 5434 capelle

143 5433 292 5505 ridentur,
304 5435 340 5490 de
351 5434 500 5492 commoni
515 5451 639 5493 assensu
650 5440 711 5494 tem
724 5438 899 5495 venerabilis
910 5440 971 5496 ire·
1026 5439 1140 5495 Sancte
1155 5439 1297 5511 Getniue,
1310 5443 1416 5497 etcum
1432 5440 1590 5515 cepellede
1600 5443 1757 5520 Escrevis,
1767 5450 1850 5509 eccle·

176 5555 232 5630 (56)
249 5555 320 5614 Vide
334 5557 421 5618 Gests
436 5560 536 5617 Inncc.
553 5559 601 5631 111,
617 5576 682 5634 cep.
699 5562 762 5617 tlt.
