3780 6000
61 202 120 263 553
567 207 823 266 ronmlcarus
840 199 941 260 ANNO
959 205 1021 273 vlt,
1041 206 1184 266 cuntant
1205 208 1286 266 leot.
1723 222 1778 283 554
1844 248 1848 255 .

66 330 175 389 riorte
191 330 249 406 ipsi
263 332 361 390 conati
376 332 486 391 luerint
496 332 769 407 contraimpsrium
785 345 896 395 meum,
911 333 937 399 Α
953 332 1038 405 (706),
1054 350 1147 394 sanus
1165 340 1194 394 et
1208 353 1311 409 sospes
1326 341 1468 412 pervenit,
1484 341 1666 417 delegatuss
1680 355 1779 410 vestra

65 444 81 474 a
93 426 125 478 ct
151 423 390 496 parvipenderint
404 440 483 494 sum,
499 429 528 481 et
543 424 694 481 occidetur
708 440 743 479 ax
761 421 816 487 eis,
840 436 899 476 non
953 424 1108 482 sanctitate
1123 430 1152 482 et
1166 426 1339 500 apostolica,
1356 431 1435 493 sede.
1452 434 1585 506 etusqae
1600 436 1635 490 ad
1646 445 1775 497 nostram

66 510 209 569 «babeat
232 514 375 570 sanctitas
389 518 487 571 vestra
501 512 658 586 imperium
680 528 779 569 rasum
794 525 899 582 suspa·
954 529 1092 585 magnam
1107 515 1255 574 civitatem
1278 519 1408 576 Trinovs
1423 522 1549 579 tetendit
1563 526 1659 596 quirrto
1674 526 1777 586 delimo

65 621 80 651 ι
94 605 195 671 ctum,
219 602 269 659 sed
285 602 348 659 sint
369 603 507 658 universa
531 600 635 658 libera.
653 601 716 659 Nisi
738 603 838 657 autem
861 594 898 653 ad
952 604 1027 675 (707)
1041 604 1089 661 die
1105 607 1215 663 mensis
1231 605 1354 665 Octobris
1373 610 1458 682 (708),
1475 615 1504 667 et
1518 613 1776 683 portavituniver·

62 711 78 740 ι
94 695 183 746 tuam
192 691 898 764 magnamsanctitatempuerosducs3unusvero
952 709 1015 748 sam
1030 693 1243 765 plenitudinem
1259 697 1639 773 patriarchalisdignitatis,
1652 709 1777 776 etparn·

64 800 79 829 a
95 778 273 836 nominatur
296 779 432 846 Basilius,
448 780 524 837 &litis
548 779 713 836 Biihlehem
727 795 735 847 3
748 781 778 834 Gi
791 777 899 833 dentur
952 787 1051 838 menta
1065 784 1175 850 omnia,
1191 802 1257 858 quae
1271 788 1343 844 mihi
1359 805 1374 843 a
1390 794 1486 844 vestm
1502 806 1608 862 magna
1619 795 1777 852 sanctitum

63 889 79 919 a
94 883 133 923 ex
149 873 296 942 praecepto
312 869 387 940 ejus,
404 876 437 924 ut
450 869 601 925 addiscunt
616 867 646 924 in
657 866 768 924 sobolis
783 863 897 920 litteras
951 871 1072 929 luerunt
1085 874 1236 946 delegata;
1253 876 1375 933 tradidit
1389 876 1526 935 similiter
1541 884 1570 936 ct
1582 881 1777 952 annulum,et

63 979 77 1007 ι
93 957 438 1032 Latinas,quoniambio
449 957 658 1030 grammaticos
669 972 727 1013 non
741 955 895 1020 babemus,
951 960 1149 1034 privilegium,
1159 967 1189 1020 et
1199 965 1346 1038 scriptaet
1357 965 1575 1024 instructiones.
1588 970 1620 1025 Ε(
1630 979 1776 1046 precepto

61 1070 76 1099 a
89 1047 894 1122 quipossintlitteras,quasmittitis,nobistranslerre;
950 1055 1051 1105 vestra
1067 1052 1324 1110 sanctitatisuaxit
1334 1069 1381 1110 me
1391 1053 1559 1127 chrismate,
1570 1057 1642 1113 mibi
1656 1059 1774 1116 benedi·

63 1159 75 1191 ι
90 1143 122 1195 et
141 1144 299 1212 postquam
314 1138 370 1211 ipsi
386 1138 576 1209 addiscerint,
592 1137 778 1196 remittantur
792 1136 828 1192 nd
839 1135 894 1191 im·
949 1153 1030 1205 cens,
1050 1145 1079 1197 et
1093 1143 1276 1199 conservavit
1287 1159 1333 1200 me
1346 1144 1375 1200 in
1385 1144 1594 1217 patriarcham,
1607 1149 1775 1206 menseNo·

61 1230 212 1301 aperiam
234 1244 346 1284 meum.
363 1250 377 1279 a
394 1229 471 1300 (701)
495 1227 558 1284 llisi
575 1233 673 1285 autem
699 1227 735 1284 ad
752 1241 894 1300 pressans,
948 1229 1089 1300 cambris,
1104 1231 1230 1303 septimo
1252 1232 1309 1301 die,
1325 1232 1355 1288 in
1372 1233 1527 1291 testivitate
1551 1235 1664 1293 scilicet
1678 1237 1773 1295 sancti

61 1316 193 1386 insipere
216 1318 292 1390 (702)
307 1334 400 1389 parvae
425 1317 651 1389 reeordationis,
675 1316 802 1374 examita
822 1315 895 1383 duo,
950 1320 1074 1389 apostoli
1088 1319 1201 1390 Jacobi,
1212 1321 1311 1378 iratris
1327 1321 1453 1391 Domini,
1470 1327 1499 1379 et
1510 1339 1563 1397 ego
1578 1324 1628 1380 illa
1639 1326 1773 1385 dieduos

61 1406 192 1479 episima
202 1407 278 1480 (703)
294 1405 394 1479 dupla,
408 1423 501 1463 anum
513 1410 559 1463 est
570 1408 707 1474 rubeam,
718 1411 748 1462 et
758 1403 838 1460 aliud
851 1400 894 1459 al·
949 1408 1019 1464 unxi
1035 1409 1286 1483 metropolitanos,
1302 1417 1331 1468 et
1345 1417 1464 1469 cataros
1482 1413 1647 1487 episcopos,
1664 1432 1772 1489 magno

60 1496 147 1566 bum,
167 1496 316 1554 camelum
341 1514 448 1554 unum.
468 1497 540 1553 Cum
554 1514 624 1554 vero
647 1496 764 1554 mittem
780 1496 894 1567 legatos
948 1514 1015 1553 curn
1031 1499 1150 1571 gaudia,
1166 1500 1321 1557 etduobus
1334 1501 1369 1557 de
1380 1502 1614 1574 metropolitanis
1625 1503 1775 1561 benedixit

60 1586 96 1642 ad
111 1587 305 1644 sanctitatem
320 1592 461 1657 vestram,
479 1602 597 1659 semper
611 1592 713 1644 vestra
728 1582 894 1642 sanctitatis
948 1586 1118 1659 cardinalis,
1134 1592 1163 1644 et
1174 1588 1297 1644 tradidit
1309 1588 1369 1645 illis
1379 1588 1507 1662 palleum
1519 1596 1606 1663 atque
1617 1592 1733 1664 mitras,
1744 1598 1774 1651 et

61 1677 253 1734 recordabor.
907 1674 1071 1773 Breliquis
1095 1676 1125 1733 in
1140 1681 1230 1749 caput
1244 1693 1345 1734 eorum
1369 1679 1473 1735 mitrae
1490 1678 1641 1749 imposuit.
1665 1685 1773 1740 Octavo

364 1764 588 1839 ccxxxlpot).
946 1766 1210 1836 vorodieejusdsm
1221 1765 1774 1836 mensis,intestivitstevideiicetSaa-

61 1871 192 1911 nrrrsaa
217 1872 331 1928 sssrsn,
356 1871 546 1913 armisonas
565 1871 763 1925 carnariam
786 1869 890 1911 rursu·
946 1856 984 1910 cti
1001 1854 1165 1921 Michaelis,
1187 1855 1348 1924 coronavit,
1375 1860 1404 1913 et
1427 1856 1576 1914 benedixit
1600 1859 1772 1930 imperatori
1805 1856 1809 1863 “

60 1944 298 2018 Sipnificateiscc
309 1944 453 2002 cardinali
464 1946 556 2029 lrpnto
568 1945 656 2017 fuisse
668 1960 747 2001 sucre
761 1945 892 2000 unctione
946 1945 1137 2018 Galojoanni,
1154 1946 1275 2003 domino
1297 1945 1431 2002 omniurn
1457 1946 1663 2019 Balgarorum,
1684 1954 1773 2022 atquc

397 2020 559 2074 mulinum·
946 2035 1133 2104 blachorum,
1149 2039 1179 2092 et
1192 2033 1390 2108 superposuit
1400 2034 1487 2107 capiti
1497 2051 1552 2092 sua
1565 2037 1676 2110 regiam
1687 2054 1773 2096 coro·

94 2125 219 2199 [llultss
234 2125 441 2183 inclinationes
456 2131 486 2183 et
502 2126 612 2183 multas
627 2124 780 2198 sanitates,
796 2143 813 2182 a
827 2140 889 2192 me,
945 2142 1026 2196 narn,
1042 2128 1072 2181 st
1086 2128 1237 2198 sceptrum
1253 2122 1316 2180 suis
1332 2123 1472 2181 manibus
1487 2123 1652 2197 imponens.
1664 2127 1771 2186 Omnia

58 2212 182 2286 llasrlio,
198 2214 307 2272 bamili
323 2215 515 2289 Balgarorum
527 2221 556 2272 et
566 2216 743 2272 Blucbornm
755 2214 889 2289 primate,
946 2216 1005 2272 bac
1020 2213 1177 2288 complevit
1188 2218 1218 2270 ct
1233 2213 1354 2288 perlecti
1364 2215 1528 2271 sectandum
1544 2216 1770 2275 sanctitatisvc·

58 2320 129 2377 erga
145 2309 261 2376 patrem
278 2306 495 2373 universorum,
510 2311 540 2361 et
554 2305 719 2371 dominnm,
737 2308 889 2377 etpatrem
943 2311 1010 2363 stre
1024 2304 1110 2377 valle,
1133 2309 1163 2361 et
1177 2303 1354 2361 benedicens
1378 2304 1474 2374 nobis,
1490 2310 1661 2379 segregatus
1686 2313 1732 2365 cst
1752 2324 1770 2365 a

59 2394 890 2468 mcum,magailicentissimumetsaoctissimumpapam
945 2396 1029 2452 nobis
1043 2394 1153 2451 mensis
1162 2393 1335 2451 Novembris
1345 2395 1393 2451 die
1404 2395 1634 2467 quintodecimo.
1645 2396 1770 2465 lateres,

57 2484 280 2541 innocentium.
294 2483 657 2556 Oramusomnipotentem
667 2486 889 2551 Geum,etsan·
944 2485 1019 2541 sciat
1033 2489 1129 2541 vestra
1145 2500 1253 2557 magna
1267 2484 1419 2555 sanctitas,
1436 2484 1515 2557 quod
1531 2484 1605 2541 dnos
1621 2501 1771 2558 puerosox
1872 2528 1875 2533 ·

57 2572 229 2630 ctissimam
241 2572 292 2629 Dei
303 2572 492 2642 Genitricem,
503 2577 531 2628 et
541 2572 729 2629 beatissimos
740 2571 889 2644 apostolos
946 2579 1089 2647 praecepta
1105 2573 1216 2630 domini
1229 2573 1415 2646 imperatoris
1425 2573 1507 2629 vobis
1519 2573 1603 2630 mitto
1616 2599 1623 2642 ;
1639 2591 1717 2631 unus
1728 2579 1774 2633 est

58 2661 181 2719 Petram
196 2666 227 2718 et
238 2661 375 2728 Paulum,
392 2666 425 2717 nt
439 2678 506 2717 cum
518 2660 646 2717 sanitate
656 2660 834 2732 etsaspitate
844 2659 889 2715 in·
945 2662 1107 2736 presbyteri
1118 2660 1302 2718 Constantini
1319 2660 1409 2730 illius,
1424 2659 1500 2717 alins
1511 2662 1664 2734 sororapis
1675 2682 1682 2732 ;
1695 2668 1772 2721 ulex

56 2751 158 2808 veniat
173 2767 225 2808 vos
239 2750 382 2825 scriptum
399 2767 469 2807 mese
485 2748 685 2813 humilitatis:
700 2757 729 2806 et
744 2766 795 2822 per
808 2748 891 2806 vestri
944 2756 1090 2825 precepto
1105 2754 1207 2807 vestras
1229 2749 1396 2806 sanctitatis
1416 2749 1529 2806 litteras
1546 2750 1664 2807 Latinas
1688 2751 1771 2808 addi·

56 2841 182 2899 domr'ns'i
195 2843 271 2915 (705)
295 2842 546 2916 magnificentiam
563 2842 626 2896 vivo
643 2845 673 2896 et
686 2856 752 2913 ego,
773 2839 888 2912 perlici
944 2848 1037 2897 scant.
1054 2838 1241 2912 litquidquid
1257 2837 1390 2895 meditari
1400 2838 1502 2895 valetis
1514 2839 1549 2894 ad
1563 2837 1703 2895 bonorem
1715 2839 1771 2895 im·

56 2931 199 3004 gratiam,
216 2931 330 3004 magnis
345 2929 631 2988 involutusdelictis.
644 2928 752 2987 Notum
767 2929 807 2986 sit
819 2944 889 3002 ergo
944 2928 1100 3004 perstatis,
1117 2926 1242 2985 iacietis.
1259 2926 1535 2985 illanutensatenim
1553 2931 1630 2985 Deus
1642 2933 1769 2985 vestram

56 3026 163 3079 restrae
180 3037 295 3095 magnae
309 3019 471 3090 sanctitati,
493 3018 632 3093 quonism
645 3022 713 3086 Leo,
729 3017 888 3075 cardinalis
944 3018 1132 3078 sanctitatem
1148 3035 1200 3093 per
1215 3016 1309 3073 mults
1323 3020 1351 3074 et
1365 3017 1495 3091 longara
1510 3019 1667 3090 tempora]

901 3069 925 3137 G

90 3190 172 3263 (701)
187 3189 336 3247 Hactenus
351 3189 494 3263 Raynsld.
977 3193 1052 3264 (704)
1068 3187 1197 3316 Egistols
1210 3186 1272 3243 bac
1284 3186 1399 3259 integra
1413 3185 1522 3260 legitur
1533 3189 1561 3244 ia
1576 3187 1674 3244 Gestis
1685 3188 1771 3245 inno·

90 3262 173 3331 (702)
184 3260 313 3330 stonum.
942 3265 1042 3331 centii,
1058 3264 1073 3333 ,ἢ
1108 3263 1133 3324 l,
1151 3261 1278 3331 ideaque
1292 3259 1339 3314 bic
1354 3259 1439 3315 uncis
1454 3259 1569 3315 inclusa
1591 3259 1770 3316 exhibeatur.

89 3334 169 3406 (703)
183 3334 224 3389 De
239 3333 405 3389 examitatis
417 3334 479 3402 lam
492 3332 608 3404 egimus
617 3332 647 3388 in
656 3337 716 3388 not.
731 3332 767 3388 ad
776 3332 887 3404 episto·
978 3335 1116 3392 Eamdern
1130 3331 1231 3387 laudat
1243 3330 1424 3402 Rayaaldus,
1435 3332 1471 3387 ad
1483 3348 1595 3387 annum
1608 3332 1689 3398 ⁴205,
1701 3331 1770 3399 523.

56 3401 117 3460 lam
134 3404 262 3476 hujusce
275 3403 343 3461 libri
362 3405 482 3476 septimi
495 3407 532 3472 ὃς
547 3404 594 3485 bic
615 3406 735 3475 episimo
749 3406 890 3461 dicuntur
979 3409 1052 3479 (705)
1067 3406 1098 3462 ln
1114 3403 1211 3460 Gestis
1224 3405 1314 3458 riustri
1328 3405 1448 3459 Domini.

55 3492 91 3533 ex
105 3475 160 3535 Gr.
185 3474 335 3560 Ιἐπίσημος,
350 3482 379 3560 st
392 3482 460 3532 sunt
485 3487 594 3533 tesseres
613 3492 653 3564 ιο
662 3493 733 3532 caro
757 3479 827 3533 teris
846 3478 890 3535 ccl
979 3480 1055 3617 (700)
1068 3476 1141 3561 Vide
1156 3480 1254 3556 notam
1271 3474 1308 3530 ad
1320 3474 1475 3547 epistolam
1492 3470 1691 3547 sapecriorem
1706 3472 1770 3529 230.

54 3548 359 3685 affirma
372 3545 890 3691 {tiibkuvtfnsffelgin‘“gnitatearlpssgtg‘riteurr
981 3551 1055 3693 &3783
1070 3546 1380 3689 ἓξιοιὲιῑαὶἕαοοηᾶαῆος.
1397 3617 1487 3675 citato
1512 3617 1591 3690 apud
1606 3615 1771 3685 Balazinm,

54 3708 111 3746 vrrs
127 3690 220 3748 docti.
236 3691 328 3766 Gang.
345 3692 435 3750 Glosr.
451 3697 524 3749 tom.
538 3691 587 3757 lll,
605 3689 660 3748 col.
676 3691 738 3749 ill.
945 3694 975 3750 in
992 3693 1089 3750 Gestis
1105 3707 1184 3761 vero,
1200 3689 1375 3760 Septcnrtrrs.
