3780 6000
58 251 128 307 1317

55 463 184 534 pastoris
199 460 411 519 substitutione
426 466 598 529 tractantes,
615 461 645 515 in
662 459 885 516 waldemarum

55 553 230 624 episcopum
246 551 457 609 Slewicensem
473 556 541 608 vota
553 567 608 607 sua
623 549 803 606 unanimiter
816 564 885 604 con·

54 640 200 707 tulerunt,
218 640 371 697 humiliter
393 641 587 712 implorantes
609 643 642 694 ut
659 637 886 710 postulationem

57 730 93 785 de
107 730 172 802 ipso
197 730 304 786 iactam
331 731 488 787 admittere
504 730 705 801 dignaremur.
721 727 813 783 Nobis
832 725 886 797 igi·

57 824 117 886 tur,
132 824 200 886 etc,
218 821 248 873 in
262 818 387 875 eumdem
411 822 469 890 iere
483 818 594 875 modum
618 820 649 873 ut
662 833 759 887 supro,
777 830 887 887 usque:

553 249 816 304 ronrtntcarus
835 245 935 302 ANNO
952 247 989 311 tt,
1009 247 1153 306 CHRISTI
1173 248 1254 305 1207.

54 373 155 432 carnis
175 373 319 446 ingresso,
336 371 393 445 ipsi
414 371 623 429 convenientes
637 371 667 426 in
684 386 790 435 unum,
806 374 835 426 et
850 369 928 435 daA

1304 372 1410 430 uexit.

1137 487 1249 529 uasere
1268 488 1401 530 nostrast
1420 488 1568 531 macone.

1038 588 1076 644 Dr
1089 588 1257 660 subjectione
1272 590 1438 646 inoncrrertt
1450 587 1478 644 S.
1493 587 1667 645 columboni.

1143 704 1300 776 (Laterani,
1313 722 1343 761 tx
1357 703 1423 761 Kal.
1439 704 1560 778 Martii.)

975 821 1031 894 (78)
1044 820 1187 894 Tempore
1202 820 1296 878 felicis
1317 820 1527 876 recordationis
1541 820 1664 893 [ingenii
1688 839 1767 894 papas

56 907 379 972 Quocircadiscretioni
392 914 448 965 ture
463 925 514 981 per
525 906 688 980 apostolica
700 906 809 978 scripta
818 922 889 978 praa·
941 911 1164 985 praedecessoris
1185 909 1277 966 nostri
1302 909 1378 965 inter
1403 911 1486 966 bnnn
1510 910 1659 966 memoria
1674 910 1696 967 0
1712 911 1767 968 130.

55 998 192 1069 cipiendo
218 998 394 1055 mandamus
410 1003 558 1071 quatenus
585 996 782 1070 personaliter
803 1010 887 1052 acce·
940 1001 1071 1058 biensem
1087 999 1257 1073 episcopum
1269 1001 1297 1054 et
1312 999 1448 1055 abbatam
1459 1002 1487 1054 et
1498 997 1657 1056 monachos
1667 999 1766 1057 Sancti

55 1088 129 1143 dens
144 1088 179 1143 ad
198 1087 374 1160 principem,
388 1087 626 1160 diligentereum
640 1090 771 1159 exparte
786 1091 889 1142 nostre
941 1088 1114 1146 columbani
1131 1104 1220 1160 super
1240 1087 1424 1158 subjectione
1438 1087 1533 1159 ipsius
1549 1087 1720 1145 monasterii
1736 1105 1772 1145 aa

55 1193 176 1233 moneas
201 1183 230 1233 et
253 1177 376 1233 inducas
404 1182 435 1233 ut
466 1178 586 1248 praelato
609 1177 745 1249 episcopo
771 1174 888 1232 nullum
942 1178 1044 1236 multis
1059 1175 1553 1250 aliisqnesticnasuborta,dictus
1569 1178 1767 1249 praedeeessor

54 1270 183 1339 praestet,
200 1271 267 1334 eta,
278 1266 349 1323 sicat
362 1283 448 1338 supra
460 1283 545 1338 usqae
556 1267 693 1323 transire.
712 1264 888 1322 discretioni
943 1274 1043 1325 noster
1068 1267 1222 1340 utriusque
1244 1265 1337 1338 partis
1360 1264 1524 1322 rationibus
1538 1269 1568 1321 et
1581 1264 1768 1339 allegationi·

60 1364 115 1411 tua
129 1354 294 1411 districtius
312 1355 505 1429 injungentes
521 1368 670 1429 qnatenus
691 1354 889 1428 praenomina·
942 1359 998 1415 bus
1013 1357 1169 1431 diligenter
1191 1355 1301 1412 auditis
1317 1359 1346 1411 at
1360 1353 1478 1427 plenius
1501 1353 1670 1427 intellectis,
1687 1372 1766 1414 com·

58 1449 124 1500 tum
139 1445 311 1517 episcopum
336 1446 626 1503 excommunicatum
655 1445 812 1502 manifeste
835 1445 889 1501 de·
943 1447 1089 1505 muniente
1113 1448 1236 1503 fratrum
1258 1459 1380 1500 suorum
1406 1441 1539 1513 consilio,
1555 1444 1768 1502 monasterium

61 1534 192 1603 nunties,
207 1538 235 1589 et
250 1534 480 1606 postulationem
500 1535 596 1607 ipsius
615 1533 733 1607 penitus
749 1535 888 1605 reproba·
941 1535 1039 1594 Sancti
1055 1533 1228 1591 columbani
1252 1533 1394 1589 suadente
1414 1531 1535 1604 justitia
1554 1531 1632 1588 dioto
1656 1534 1769 1606 prade-

60 1628 135 1690 tam;
164 1623 338 1679 mandatum
368 1623 559 1696 apostolicum
585 1623 683 1680 taliter
712 1622 888 1695 impleturae
942 1625 1052 1683 cessuri
1081 1628 1132 1680 tuo
1163 1623 1334 1695 adjudicare
1362 1613 1485 1688 curauit,
1514 1620 1767 1679 confirmationem

60 1712 138 1784 quod
155 1712 339 1768 devotionem
355 1718 384 1769 et
404 1713 610 1771 discretionem
625 1718 708 1770 tuam
726 1713 887 1769 debeamus
902 1727 926 1795 B
940 1714 1067 1780 abbatis,
1091 1711 1322 1769 benedictionem
1347 1726 1466 1782 quoque
1494 1726 1527 1766 ac
1556 1712 1767 1768 correctionem

60 1801 166 1857 merito
181 1803 401 1859 commendare.
943 1802 1114 1861 monasterii
1142 1799 1318 1875 regularem,
1343 1799 1468 1856 niarium
1500 1800 1603 1866 etiam,
1626 1798 1769 1856 acclesia-

428 1893 523 1950 CGXl.
942 1909 1008 1949 rum
1035 1908 1087 1947 seu
1112 1888 1303 1946 basilicarum
1328 1887 1590 1958 consecrationem,
1607 1886 1769 1945 monacho·

60 1997 888 2054 ursnramvannrsnrcanarswiurnanserinussrrneusrs
941 1999 1008 2039 rum
1032 1985 1061 2037 et
1082 1978 1254 2036 olorinorum
1285 1977 1512 2048 promotionem,
1528 1982 1587 2033 tam
1616 1976 1646 2033 in
1674 1975 1770 2050 capita

280 2080 314 2118 ετ
332 2078 474 2121 timenem
494 2079 672 2120 momenti·
941 2086 1030 2145 quam
1048 2070 1077 2125 in
1094 2068 1236 2125 membris
1251 2067 1287 2123 ad
1305 2065 1402 2138 ipsam
1419 2064 1590 2138 episcopum
1606 2069 1636 2122 ct
1650 2080 1769 2122 sucees-

116 2153 326 2210 munientium
339 2154 426 2209 latam
439 2169 490 2224 nro
509 2154 658 2226 preposito
673 2153 703 2209 S·
717 2152 835 2209 Paulini
941 2176 1023 2218 acres
1037 2159 1171 2230 ejusdem
1200 2156 1344 2228 pertinere
1371 2157 1541 2225 decernens,
1553 2152 1652 2210 oleum
1677 2153 1767 2211 etiam

255 2225 400 2325 d'tffliitl·
418 2225 527 2299 sociant
542 2226 693 2283 “iii'l‘i'i·
940 2254 969 2307 at
984 2248 1132 2314 candelas,
1143 2249 1228 2320 juxta
1239 2247 1317 2319 quod
1331 2262 1348 2302 a
1362 2244 1426 2301 suis
1440 2244 1568 2301 testibus
1581 2243 1676 2301 luerat
1690 2258 1768 2300 com·

241 2315 399 2388 (Laiifflffla
419 2331 448 2370 Ν
470 2315 510 2372 ld·
535 2315 710 2387 Februarii.)
940 2339 1108 2412 probatum,
1125 2336 1219 2393 eidem
1241 2334 1377 2407 episcopo
1402 2333 1524 2405 suisque
1543 2333 1766 2390 successoribus

98 2427 223 2480 Causam
240 2438 330 2495 super
342 2421 467 2479 ecclesia
482 2422 518 2479 dc
532 2422 736 2479 Welzelinhen
752 2422 829 2478 inter
842 2421 887 2476 di·
940 2427 1013 2484 solvi
1027 2425 1173 2500 pracepit,
1186 2424 1317 2480 videlicet
1330 2427 1447 2493 tpntum
1460 2421 1516 2479 olei
1530 2423 1606 2495 quod
1622 2421 1652 2477 in
1669 2422 1768 2478 tribus

63 2511 154 2569 lectos
170 2511 246 2567 filios
261 2514 293 2566 Α.
305 2512 495 2584 prepositum
510 2513 606 2569 Sancti
624 2512 737 2568 Paulini
751 2515 780 2567 et
794 2510 827 2567 H.
840 2526 888 2566 ca·
940 2514 1175 2589 quadragesimis
1204 2513 1291 2569 curie
1301 2531 1304 2538 ·
1316 2528 1377 2568 sus
1405 2511 1529 2568 honeste
1552 2511 1709 2581 sufficeret,
1733 2524 1768 2565 ao

63 2601 200 2657 nonicam
215 2601 250 2656 de
272 2600 358 2656 Asela
383 2601 607 2672 argentinensis
623 2599 759 2657 diaecesis
774 2600 887 2655 dudum
942 2623 993 2678 per
1007 2606 1082 2661 duas
1098 2607 1196 2677 partes
1219 2601 1288 2658 anni
1309 2601 1415 2657 diebus
1429 2599 1554 2672 singulis
1580 2617 1672 2656 unum
1698 2598 1767 2655 bra·

64 2699 174 2745 motam
190 2688 295 2745 dilecto
310 2689 371 2746 filio
387 2691 419 2745 Ε.
435 2690 548 2747 cantori
570 2690 693 2747 Metensi
709 2694 738 2746 et
752 2688 888 2761 conjudi·
942 2695 1042 2750 chium
1068 2690 1269 2748 candelarum.
1285 2694 1428 2746 Processu
1444 2705 1511 2745 vero
1534 2688 1676 2759 temporis
1699 2702 1768 2744 eum

64 2780 148 2835 cibus
158 2779 223 2850 ejus
234 2779 438 2836 commisimus
448 2778 828 2851 terminandam‚qui,sicut
839 2794 890 2851 per
942 2784 1034 2840 abbas
1050 2787 1079 2838 et
1093 2779 1230 2837 monaehi
1244 2777 1414 2836 monasterii
1430 2777 1569 2833 antedicti
1585 2776 1650 2833 latre
1665 2781 1769 2833 contra

63 2884 136 2925 auas
145 2867 231 2924 nobis
243 2867 357 2925 litteras
368 2868 689 2941 intimarunt,legitima
698 2869 888 2941 procedentes
943 2888 995 2929 eos
1009 2869 1161 2927 sententiae
1183 2868 1371 2943 pertinaciter
1386 2866 1575 2933 contrairent,
1591 2863 1768 2921 venerabilis

64 2957 94 3012 in
112 2957 185 3028 ipsa,
202 2956 412 3029 cognitoquod
434 2957 510 3014 idem
532 2959 821 3032 praepositusavero
839 2975 889 3029 pa·
943 2963 1033 3018 irater
1062 2963 1161 3016 noster
1188 2956 1356 3024 patriarcba
1380 2954 1665 3028 Hierosolymitanus
1694 2952 1768 3025 trs),

62 3051 159 3111 trono,
175 3047 280 3102 abbate
305 3046 439 3103 Videlisstti
461 3048 497 3103 (1⁰
519 3047 713 3116 Ηθῐθῐῦὺᾶῦδ,
730 3051 926 3157 presedit-G
944 3055 1015 3107 tunc
1038 3047 1190 3106 Bobiensis
1214 3046 1335 3113 electus,
1357 3045 1387 3100 in
1408 3044 1563 3117 presentia
1586 3042 1680 3100 felicis
1703 3058 1770 3099 me-

61 3139 112 3191 tus
139 3135 234 3191 luerat
266 3135 406 3191 canonice
436 3136 471 3192 ad
501 3136 652 3192 ecclesiam
683 3139 888 3201 memoratam,
946 3139 1044 3195 moriae
1059 3137 1140 3194 Lucii
1158 3151 1335 3208 paparanum
1361 3136 1397 3190 de
1421 3133 1495 3206 ipsis
1510 3131 1664 3204 proposuit
1678 3147 1773 3204 quaes·

63 3223 320 3297 presentationem
355 3224 451 3297 ipsius
484 3224 699 3282 sententialiter
731 3224 893 3298 approbare
946 3228 1071 3296 tionem;
1096 3225 1261 3282 actandem
1285 3224 1315 3278 in
1337 3226 1451 3296 regesto
1475 3221 1594 3292 Eugenii
1618 3237 1699 3293 papa
1727 3237 1772 3276 re·

65 3317 216 3370 curarunt.
235 3316 268 3368 Et
287 3313 358 3386 quia
379 3314 564 3371 dioecesanus
579 3315 734 3387 episcopua
750 3319 780 3371 et
794 3313 892 3369 erchi-
946 3322 1029 3390 parta
1061 3315 1207 3372 sententia
1239 3317 1418 3381 memorata,
1447 3311 1525 3367 idem
1559 3326 1635 3382 papa
1664 3308 1771 3366 tucius

67 3401 210 3458 diaconus
225 3402 291 3468 loci,
308 3403 344 3458 ad
360 3418 435 3474 quos
454 3403 602 3459 institutio
617 3403 790 3475 pertinebat,
807 3401 893 3458 mali·
945 3407 1082 3464 abbatam
1107 3403 1206 3461 Sancti
1220 3402 1396 3460 columbani
1421 3405 1450 3457 et
1471 3399 1632 3456 monachos
1651 3414 1685 3454 ae
1704 3414 1772 3455 suc·

68 3492 142 3548 iiose
156 3491 389 3547 adversabantur
404 3492 510 3560 eidem,
522 3491 688 3548 animatum
703 3492 729 3547 ei
745 3506 846 3547 curam
862 3490 892 3545 in
946 3512 1078 3553 cessores
1094 3510 1194 3551 eorum
1211 3493 1247 3549 ad
1265 3491 1462 3547 obediendum
1478 3489 1535 3561 ipsi
1550 3488 1643 3545 electo
1659 3491 1689 3544 et
1702 3503 1770 3544 nuc.

69 3581 134 3652 ipsa
149 3579 271 3636 ecclesia
285 3596 344 3652 qua
366 3581 565 3652 iungebantur
588 3580 761 3636 auctoritate
776 3579 891 3636 dedere.
946 3584 1114 3640 sessoribus
1135 3584 1211 3652 eius,
1227 3583 1305 3638 sicut
1319 3578 1445 3652 propriis
1460 3578 1617 3651 episcopie,
1634 3577 1669 3633 de
1689 3592 1770 3633 com·

68 3673 140 3725 Cum
156 3675 255 3725 autem
277 3668 402 3725 dilectus
420 3669 500 3725 filius
525 3669 697 3726 Fredericus
722 3674 894 3740 procurator
946 3673 1029 3729 mani
1060 3672 1184 3728 fratrum
1208 3668 1333 3726 consilio
1357 3667 1573 3734 condemnavit,
1597 3666 1772 3723 auctoritate

68 3759 208 3815 antedicti
234 3758 380 3831 prepositi
398 3759 574 3814 sententiam
595 3759 731 3830 judicum
756 3759 892 3830 pretato·
945 3762 1107 3835 apostoliea
1129 3760 1307 3816 sententiam
1330 3757 1508 3823 antedictam
1524 3755 1714 3822 confirmans,
1729 3755 1770 3811 ai-

68 3864 135 3903 rum
151 3849 179 3904 iu
203 3847 356 3918 prasentia
371 3846 469 3903 dilecti
492 3847 543 3903 dlii
560 3848 652 3904 nostri
669 3846 791 3904 Joannis
807 3863 892 3904 sanc·
945 3859 995 3910 cut
1027 3853 1057 3909 in
1086 3854 1151 3923 ejus
1179 3849 1348 3907 authentico
1377 3847 1532 3904 maniteste
1568 3846 1771 3920 perspeximus

67 3943 164 3993 torum
181 3940 290 3994 cosmae
305 3941 334 3992 et
345 3936 480 3992 Damiani
491 3936 606 3993 diaconi
623 3935 891 4009 cardinalis,quem
945 3942 1099 4000 contineri,
1115 3946 1258 3997 praterea
1273 3938 1412 4012 qnoniam
1435 3936 1586 4011 privilegia
1602 3935 1695 3992 felinis
1710 3950 1770 3991 me.

66 4027 92 4083 ei
109 4027 308 4083 concessimus
330 4025 536 4095 auditorem,a
557 4026 641 4082 nobis
658 4030 768 4097 peteret
783 4027 892 4082 contir-
945 4034 1044 4090 morin
1066 4030 1214 4088 Anantnsit
1240 4034 1267 4086 et
1291 4027 1411 4085 Adriani
1437 4027 1609 4099 pontificum
1626 4025 1771 4081 Romano.

66 4117 152 4187 mari,
170 4118 346 4172 memoratus
370 4115 529 4172 eanonicus
544 4132 609 4171 eam
627 4114 825 4171 dixitviribus
841 4131 890 4171 aa·
944 4138 1010 4179 rum
1036 4119 1169 4177 Ecclesia
1193 4118 1330 4176 nebiensi
1353 4115 1468 4185 collata,
1490 4115 1598 4187 partim
1623 4113 1771 4169 malitiose

65 4220 128 4260 rete
154 4206 343 4270 multifidam,
359 4209 422 4260 ium
445 4204 584 4277 quoniam
609 4221 730 4261 examen
757 4221 892 4261 eorum&
945 4213 1051 4269 abrasa
1079 4211 1195 4266 fuerant
1214 4209 1244 4264 in
1265 4208 1358 4280 ipsius
1383 4204 1517 4261 Ecclesia
1547 4203 1769 4269 detrimentum,

63 4295 172 4363 quibus
190 4293 302 4364 prolata
328 4295 422 4349 lucrat
446 4293 659 4351 rationabiliter
683 4294 890 4361 declinaverat,
945 4302 1022 4357 idam
1039 4316 1115 4372 papa
1132 4297 1241 4354 Lucius
1256 4295 1358 4353 volens
1373 4292 1560 4350 indemnitati
1575 4292 1641 4362 ejus
1656 4291 1686 4346 in
1702 4306 1769 4363 pos·

65 4387 127 4435 tum
141 4384 229 4436 etiam
246 4382 316 4453 quia
331 4399 367 4438 ne
383 4385 573 4452 procederent
586 4385 622 4439 ad
639 4384 828 4451 sententiam,
840 4400 890 4439 au·
945 4395 1041 4446 terum
1058 4387 1220 4460 providere,
1231 4384 1358 4441 decrevit
1371 4387 1403 4438 ut
1413 4398 1465 4455 per
1479 4381 1546 4437 ilias
1557 4395 1676 4438 rasuras
1688 4379 1770 4435 nullo
1880 4426 1883 4431 .

65 4467 205 4524 dientiam
222 4474 352 4525 nostram
377 4470 506 4543 legitime
527 4470 699 4545 appellarat.
716 4476 775 4528 Nos
791 4480 889 4529 autem
904 4448 929 4511 D
944 4492 1075 4550 unquam
1090 4480 1221 4547 tempore
1232 4474 1310 4529 dicta
1325 4470 1475 4545 privilegia
1489 4470 1694 4543 reprobentur,
1705 4483 1770 4541 qua

64 4557 175 4613 auditis
190 4558 226 4613 iis
251 4564 279 4613 et
302 4558 368 4614 aliis
384 4576 448 4630 quae
464 4562 612 4632 proposita
638 4563 707 4618 binc
733 4562 801 4620 inda
826 4562 888 4617 lue·
944 4567 1043 4625 omnia
1054 4565 1244 4639 postmodum
1262 4579 1311 4635 per
1327 4562 1380 4633 pt„
1395 4559 1544 4616 memori„
1553 4557 1705 4614 Urbanum
1720 4573 1767 4629 pn.

65 4653 143 4713 tuni,
173 4647 314 4719 quoniam
347 4647 545 4706 intelleximus
577 4656 681 4709 contra
710 4652 888 4709 sententiam
943 4673 1011 4730 pam
1028 4656 1272 4728 predecessorem
1298 4657 1433 4708 nostrum
1457 4647 1631 4704 auctoritate
1652 4646 1771 4702 luerunt

62 4736 157 4808 ipsam
173 4736 245 4791 nibil
262 4743 415 4792 ostensum
430 4739 508 4808 quod
524 4738 633 4796 valeret
652 4744 688 4797 ad
705 4743 888 4815 reprobatio-

63 4843 130 4881 nem
146 4825 251 4897 ipsius;
266 4842 330 4882 eam
347 4825 479 4897 exigente
500 4828 613 4895 iustitia
628 4830 767 4887 duximus
782 4848 888 4904 apprc-

63 4916 201 4971 bandum.
219 4915 359 4982 Quocirca
373 4914 544 4971 discretioni
555 4920 657 4972 vestrae
669 4934 721 4990 per
730 4921 890 4991 apostolica

63 5004 175 5077 scripta
190 5002 384 5076 precipiendo
396 5004 572 5060 mandamus
583 5010 729 5077 quatenus
742 5006 824 5063 illam
839 5025 889 5064 au·

63 5094 198 5149 ctoritate
209 5092 370 5165 apostolica
384 5092 499 5149 faciatis
510 5092 719 5151 inviolabiliter
729 5096 888 5168 observari,

63 5183 293 5238 contradictores
309 5199 529 5254 percensuram
544 5182 773 5242 ecclesiasticam
787 5185 889 5259 appel·

64 5271 171 5328 latione
187 5273 350 5344 postposita
364 5278 595 5344 compescentes.

98 5361 206 5417 Datum
232 5360 378 5428 Laterani,
398 5378 427 5418 tv
451 5363 521 5420 idus
545 5361 708 5437 Februarii,
735 5380 812 5421 anno
837 5364 888 5420 da·

63 5466 152 5508 camo.

99 5577 156 5648 (78)
171 5575 244 5631 Vide
259 5579 280 5630 t.
297 5575 335 5630 lV
351 5574 412 5631 ltnt.
427 5592 494 5647 aaa,
511 5592 579 5650 pag.
597 5576 666 5633 1287
680 5580 708 5634 et
723 5594 807 5651 seqq.

943 4745 1106 4820 apostolica
1132 4742 1321 4808 confirmata,
1351 4744 1440 4810 prout
1465 4737 1497 4795 in
1525 4737 1590 4808 ejus
1618 4734 1771 4809 privilegio

944 4835 1060 4909 plenius
1085 4834 1264 4891 continetur.
1290 4829 1361 4886 Cum
1388 4833 1488 4884 autem
1512 4826 1542 4882 in
1567 4830 1675 4881 nostre
1698 4840 1769 4897 pro·

944 4924 1082 4981 motionis
1107 4922 1269 4995 primordio
1292 4920 1328 4976 ad
1351 4922 1483 4975 nostram
1509 4915 1690 4972 audientiam
1706 4930 1773 4987 per·

943 5014 1072 5069 venisset
1085 5012 1164 5083 quod
1191 5012 1343 5084 prelatum
1359 5007 1457 5064 Sancti
1472 5003 1647 5064 columbani
1671 5018 1776 5058 mona-

944 5102 1068 5160 sterium
1092 5101 1128 5157 ad
1155 5101 1315 5157 Romanam
1333 5096 1493 5154 Ecclesiam
1519 5092 1600 5150 nulio
1624 5091 1774 5148 mediante

943 5195 1137 5264 spectaverat,
1152 5207 1186 5247 ae
1207 5190 1276 5246 licet
1290 5194 1393 5245 contra
1408 5186 1506 5258 ipsum
1522 5183 1612 5239 luerit
1626 5181 1774 5239 sentemia

943 5279 1141 5354 promulgata,
1155 5278 1270 5335 nullum
1287 5283 1386 5334 tamma
1402 5270 1567 5347 apostolice
1584 5271 1647 5328 aedi
1661 5270 1771 5328 debue-

943 5368 982 5426 rit
995 5369 1190 5443 prajudicum
1212 5366 1356 5439 generari,
1372 5378 1440 5420 cum
1456 5378 1501 5418 res
1523 5359 1601 5417 inter
1615 5359 1688 5417 alios
1703 5363 1769 5416 acta

941 5458 991 5515 alii
1016 5457 1207 5532 preindicsra
1230 5472 1288 5514 non
1314 5451 1418 5527 possit,
1433 5448 1591 5508 venerabili
1611 5448 1693 5506 tratri
1716 5464 1769 5507 no·

978 5584 1036 5658 (ts)
1049 5584 1123 5642 Vide
1136 5588 1206 5641 tout.
1225 5583 1262 5640 lV
1276 5582 1339 5640 nat.
1354 5596 1420 5648 tac,
1437 5593 1503 5652 pag.
1522 5576 1601 5634 tate
