3780 6000
59 207 129 264 1489
554 207 814 265 continuares
831 203 932 260 ANNO
949 204 1000 272 xl,
1019 208 1162 267 CHRISTI
1182 209 1262 268 1208.
1638 221 1642 227 '
1660 254 1663 259 ,
1693 209 1762 267 lim

59 335 179 393 siastico
194 333 380 408 precipimus
395 350 513 392 manere
527 349 716 406 suspensum.
741 330 881 388 Praeiatos
895 329 922 397 Α
938 327 1077 388 Praetcrca
1093 336 1265 406 quesivisti,
1280 352 1347 393 cum
1365 336 1417 393 tibi
1443 336 1479 391 ab
1504 335 1602 407 aliquo
1628 337 1682 393 sub
1706 337 1762 394 hnc

61 431 158 483 autem
174 426 339 497 cives,quos
357 429 472 481 constat
487 441 545 481 non
561 423 657 480 solum
670 439 722 495 per
733 422 883 492 jnramen-
937 424 1032 480 torma
1048 427 1221 484 mandatur:
1232 430 1406 485 auctoritate
1417 445 1471 500 quo
1484 430 1585 499 [uapor
1601 427 1715 497 misceo
1729 437 1761 484 at

60 522 123 574 tum
138 517 218 590 quod
231 533 309 573 unus
321 515 455 588 prestitit
467 514 496 570 in
508 514 624 571 animas
634 510 772 581 aliorum,
781 524 882 567 verum
935 513 1021 569 telem
1038 514 1182 573 deviantia
1197 517 1491 574 accommanicotioair
1503 517 1649 574 sententiae
1664 518 1761 590 satim

59 606 148 664 etiam
165 623 217 679 per
227 606 397 678 juramenta
413 608 474 660 tem
489 602 620 676 episcopi
643 618 731 673 quem
757 599 881 657 aliorum
936 617 1048 675 cereae
1059 605 1112 661 tibi
1124 623 1214 679 snper
1230 607 1367 664 mandato
1383 606 1544 679 apostolico
1559 606 1707 663 hesitanti
1723 606 1759 662 ab

58 696 233 753 clericorum
249 695 299 768 qni
316 710 406 767 super
420 693 475 750 boc
488 688 881 765 deposuerejurati,nullum
937 693 1035 765 aliquo
1048 711 1105 751 non
1116 694 1291 768 dtddes,an
1308 697 1479 753 mandatum
1496 694 1666 767 hujusmodi
1677 711 1759 752 exse·

58 784 229 842 adhibuisse
244 782 345 840 dolum
356 781 401 839 vel
422 782 563 848 trendens,
574 780 634 837 imo
645 776 881 852 necpromissio·
936 783 987 854 qul
1002 783 1139 840 tenearis.
1154 789 1318 859 Superque
1333 785 1504 857 hujusmodi
1517 784 1571 841 tibi
1584 785 1692 842 dumus
1714 801 1760 842 re·

61 891 192 932 nemaeo
202 890 285 947 spem
296 872 353 929 sibi
365 874 464 930 datam
476 871 565 929 luisse
581 871 616 928 de
632 869 819 927 restitutione
834 883 881 940 pe·
936 888 1090 944 sponsum,
1106 875 1183 947 quod
1199 874 1257 931 nisi
1272 875 1309 931 de
1330 875 1466 931 mandato
1491 872 1569 930 sedis
1592 873 1757 946 apostolice

59 965 152 1023 cunia
166 963 212 1021 vel
228 965 384 1037 pignorum
399 961 640 1034 iaciendasuper·
653 958 818 1017 ablutorum
835 973 880 1014 re·
936 965 1032 1018 certus
1046 962 1202 1034 exstiteris,
1217 964 1336 1037 exsequi
1352 980 1411 1022 non
1435 963 1548 1036 cogeris
1572 963 1651 1035 quod
1675 979 1758 1020 mnn-

58 1053 313 1126 stitutione,quam
325 1051 510 1123 injunximus
519 1050 563 1107 eis
575 1054 608 1106 ut
619 1049 734 1106 clericis
745 1053 774 1105 et
787 1048 881 1104 eccle·
936 1051 1031 1107 detur.
1048 1050 1176 1125 Contigit
1185 1052 1308 1127 insuper
1317 1053 1397 1126 quod
1408 1068 1474 1109 curn
1486 1051 1606 1124 quidam
1621 1056 1688 1124 post
1703 1068 1757 1124 np-

59 1145 111 1201 siis
126 1143 307 1212 exhiberent,
323 1140 471 1198 credimus
485 1139 642 1208 liberatos;
660 1137 831 1209 selvojure,
855 1137 881 1194 si
935 1139 1123 1213 pollutionem
1151 1141 1187 1197 ad
1209 1157 1263 1199 nos
1286 1140 1418 1215 legitime
1442 1141 1645 1214 interpositam
1670 1139 1759 1196 tuerit

59 1234 136 1309 quod
152 1232 285 1291 ecclesiis
299 1230 488 1304 competitad
502 1228 693 1302 repetendum
708 1227 880 1285 thesaurum
936 1232 1237 1289 excommunicatione
1261 1235 1390 1300 notatus,
1415 1235 1444 1288 et
1462 1247 1551 1305 super
1574 1229 1759 1288 absolutione

59 1324 137 1382 male
160 1323 353 1391 distractum3
374 1336 468 1392 eoque
491 1317 628 1377 similiter
650 1317 742 1386 salvo,
766 1321 800 1373 ut
823 1315 881 1374 nisi
936 1336 991 1376 sua
1006 1336 1057 1393 per
1071 1320 1208 1377 nuntium
1225 1322 1261 1378 ad
1277 1321 1500 1393 certosjudices
1515 1326 1630 1377 nostres
1645 1319 1759 1379 litteras

57 1403 881 1487 episcopusetclerushumiliterportentimpositamsibi
935 1409 1115 1482 impetravit,
1129 1415 1284 1483 postquam
1301 1410 1404 1468 littere
1419 1411 1540 1468 fuorunt
1554 1410 1689 1481 obtenta,
1705 1411 1758 1466 aad

58 1519 111 1576 pro
127 1500 241 1557 meritis
256 1496 456 1569 disciplinam,
477 1499 529 1551 aut
551 1494 576 1551 si
600 1494 700 1551 forsan
723 1492 780 1566 ipsi
803 1491 881 1550 cives
936 1498 1110 1572 priusquam
1126 1499 1252 1557 luissent
1259 1501 1413 1571 jndicibus
1429 1504 1616 1574 praesentata,
1633 1515 1685 1572 pro
1700 1497 1759 1557 alia

59 1593 160 1649 minus
175 1591 288 1663 gratem
303 1586 444 1643 haberent
462 1584 587 1658 gratiam
612 1582 669 1640 eibi
693 1582 813 1653 sectam,
835 1581 880 1639 vel
936 1605 1026 1645 causa
1050 1587 1105 1645 luit
1128 1587 1246 1646 vinculo
1274 1588 1584 1647 excommunicationis
1609 1586 1756 1645 astrictus.

59 1679 234 1740 scandalum
245 1694 303 1735 non
314 1672 808 1745 cessaret,nervum‚rigeris‚qnem
822 1687 879 1728 non
894 1699 919 1765 Β
936 1679 1018 1736 Unde
1032 1694 1173 1752 responso
1188 1682 1288 1736 nostro
1312 1678 1445 1749 postules
1469 1677 1584 1736 edoceri
1607 1693 1645 1734 an
1667 1676 1756 1733 iidem

59 1770 260 1838 dissolvimus,
275 1767 326 1825 sed
341 1764 522 1833 infleximus,
538 1764 694 1820 extendere
718 1759 878 1819 valeamus·
930 1768 1047 1840 judices
1056 1782 1232 1841 cognoscere
1240 1765 1601 1825 valeantdeanatbematis
1612 1764 1758 1822 sententia

57 1861 198 1930 Quocirca
212 1853 382 1914 discretioni
397 1856 498 1911 vestre
513 1869 565 1924 per
588 1849 748 1924 apostolica
769 1850 880 1921 scripta
934 1858 1063 1915 seeundo
1079 1857 1141 1914 loco
1157 1856 1281 1930 prolata.
1297 1857 1393 1930 Super
1413 1872 1472 1929 quo
1500 1853 1674 1912 fraternitati
1700 1857 1757 1909 lua

56 1947 251 2025 precipiendo
262 1946 439 2003 mandamus
450 1946 598 2016 quatenus
612 1957 675 2013 que
686 1957 704 1996 a
714 1939 798 1997 nobis
809 1942 880 1996 tuni
933 1946 1074 2004 duximus
1088 1946 1327 2019 respondendum
1343 1946 1422 2019 quod
1434 1943 1602 2016 jurisdictio
1618 1942 1756 2014 judicum

56 2055 147 2114 super
158 2039 194 2095 iis
205 2036 322 2109 provida
333 2032 543 2091 deliberatione
557 2033 670 2087 statute
680 2028 794 2087 faciatis
807 2026 880 2086 enb—
932 2036 1103 2093 eorumdem
1115 2036 1152 2092 ad
1163 2035 1401 2109 cognoscendum
1411 2034 1447 2092 (ιο
1458 2033 1597 2106 prediola
1611 2031 1758 2090 sententis
1831 2070 1833 2075 .

54 2131 116 2187 lato
131 2120 543 2200 cujuslibetcontradictionis
557 2123 586 2177 et
600 2117 807 2193 appellationis
826 2117 878 2175 ob·
932 2125 1050 2183 extendi
1065 2141 1122 2182 non
1139 2125 1235 2193 debat,
1259 2141 1328 2182 cnm
1352 2140 1387 2182 aa
1409 2128 1619 2195 temporeque
1644 2122 1680 2178 ed
1705 2136 1755 2177 eos

56 2216 170 2277 staculo
185 2228 405 2289 percensuram
420 2209 648 2268 ecclesiasticam
668 2206 879 2265 inviolabiliter
931 2214 1035 2271 littere
1050 2219 1156 2272 nostra)
1178 2214 1304 2271 obtenta
1327 2214 1456 2282 fuerunt,
1482 2212 1583 2269 eadem
1609 2209 1757 2269 sonantia

55 2304 213 2375 observari,
230 2302 402 2376 episcopum
416 2302 446 2355 et
461 2297 584 2367 cleram,
597 2297 623 2353 ei
639 2312 759 2353 necesse
778 2295 877 2368 luerit,
932 2302 1054 2360 minime
1068 2301 1129 2359 lata
1143 2301 1241 2371 luerit,
1257 2317 1311 2358 nec
1325 2303 1361 2359 de
1373 2301 1438 2374 ipsa
1449 2300 1539 2357 stiam
1555 2299 1726 2371 cogitatum.

54 2394 262 2468 compellentes
277 2394 310 2447 ut
323 2386 673 2461 interpositojuramento
687 2385 876 2443 medietatem
969 2393 1072 2449 Datum
1088 2391 1233 2459 Laterani,
1248 2408 1266 2447 ι
1281 2390 1343 2450 Kal,
1359 2388 1540 2457 Decembris,
1566 2387 1755 2460 pontificatus

54 2501 177 2542 suorum
194 2483 390 2556 proventuum
406 2476 444 2533 ob
458 2491 577 2533 cansam
602 2473 770 2546 predictam
791 2474 877 2545 Juxta
931 2481 1024 2538 nostri
1039 2496 1116 2538 anno
1132 2479 1299 2538 undecimo.

55 2561 877 2649 providentiamvestramdistribuendamassignantvos
1260 2620 1410 2679 CLXXVII

56 2672 153 2720 autem
169 2659 344 2718 auctoritate
359 2658 461 2712 nostra
474 2650 587 2711 sullulti
605 2652 751 2708 delectum
772 2666 875 2707 eorum
1555 2714 1559 2720 ι

53 2769 143 2824 super
155 2747 338 2822 iisaquibus
350 2744 489 2817 suspensi
499 2745 570 2798 sunt
583 2738 702 2797 sublato
717 2738 876 2812 cujuslibet
929 2728 1101 2770 mmm
1115 2726 1257 2782 ⁸⁹¹⁸⁰⁰⁹⁰r
1271 2726 1306 2766 Π
1318 2726 1421 2767 ΑΒΜ
1443 2724 1575 2778 ΒᾸῊῊἮν
1600 2724 1634 2764 ΒΤ
1657 2723 1755 2765 ’ΝΟΜ

53 2836 294 2898 contradictionis
303 2840 332 2894 et
340 2830 534 2908 appellatione
542 2828 691 2888 obstaculo
700 2828 874 2902 suppleatis.
1228 2814 1458 2856 ffltwffltiffl·

54 2930 134 2996 Quod
146 2928 171 2984 si
181 2943 240 2984 non
252 2940 354 2982 omnes
373 2922 410 2980 iis
427 2918 623 2993 exsequendis
638 2917 791 2991 potueritis
802 2919 876 2975 inte·
929 2935 932 2941 ·
966 2894 1346 2956 Eitwmmt'ui‘t‘llt'tii‘ttw
1360 2897 1591 2953 mmmmm
1608 2893 1720 2951 TW*

54 3037 145 3090 resse,
160 3018 219 3074 duo
233 3020 364 3073 vestrum
379 3030 412 3070 ea
429 3009 624 3068 nibilominus
638 3012 846 3081 exsequantur.
1091 2985 1250 3060 (melinis
1266 3001 1306 3041 V¹¹
1321 2982 1386 3042 Kal·
1402 2983 1595 3056 ⁰⁰0⁰¹¹¹bt5⁸i

89 3108 194 3163 Datum
210 3103 356 3169 Laterani,
371 3119 389 3157 x
404 3099 466 3158 ital.
483 3098 661 3169 Decembris,
686 3070 914 3171 pontificatusc
967 3107 1038 3162 cnm
1067 3121 1103 3161 ex
1125 3101 1293 3175 apostolicas
1317 3100 1469 3159 servitutis
1493 3100 1592 3158 oltlcio
1615 3100 1647 3156 in
1669 3099 1758 3157 vinea

54 3196 147 3255 nostri
163 3211 239 3252 anno
255 3190 421 3251 undecimo·
929 3193 1045 3252 Domini
1061 3191 1291 3263 Sabaotb,cnjus
1306 3189 1439 3248 custodis
1449 3190 1622 3263 disponente
1632 3189 1756 3245 Domino
1821 3225 1824 3229 «
1859 3267 1862 3271 y

390 3278 531 3339 CLXXVI.
930 3283 1017 3341 nobis
1027 3282 1211 3355 dignoscitur
1222 3296 1285 3338 essa
1298 3280 1467 3348 commissa,
1476 3277 1637 3351 exstirpare
1653 3278 1758 3335 nocive

308 3387 445 3428 sr1scoro
458 3383 620 3425 associast-
931 3379 961 3431 et
974 3372 1106 3446 plantare
1121 3368 1205 3427 utilia
1219 3373 1384 3438 teneamur,
1395 3385 1448 3427 nec
1463 3368 1518 3427 boc
1531 3368 1682 3442 possimus
1696 3366 1756 3425 im·

240 3460 426 3530 despondetur
437 3457 473 3514 ad
484 3459 543 3529 ear
557 3456 691 3514 corruite.
931 3462 1010 3537 plere
1021 3459 1145 3518 ubilibet
1155 3474 1268 3532 pernes
1282 3458 1375 3532 ipsos.
1390 3459 1427 3515 ad
1440 3458 1531 3530 belus
1543 3455 1754 3515 sollicitudinis

230 3549 384 3624 luteram,
400 3566 419 3604 x
433 3547 495 3604 Kal.
512 3545 705 3618 Decembris.)
931 3549 1129 3608 ministerium
1139 3547 1206 3606 illes
1218 3549 1395 3605 advocemus
1405 3547 1554 3604 interdum
1565 3562 1640 3619 quos
1651 3544 1687 3601 ad
1699 3545 1755 3602 boc

90 3644 148 3717 (93)
164 3645 234 3701 Cum
250 3641 280 3698 in
291 3642 360 3713 iure
373 3637 485 3713 peribit
500 3636 620 3704 exitiis,
636 3639 666 3693 et
679 3636 795 3709 witlam
818 3635 876 3693 ha·
930 3643 1052 3700 idoneos
1064 3643 1244 3714 reputamus.
1261 3638 1333 3697 Cum
1347 3639 1437 3711 igitur
1450 3637 1528 3695 inter
1542 3641 1661 3695 ceteros
1677 3653 1753 3710 pra·

53 3735 124 3793 beas
140 3732 311 3806 peritorum,
325 3746 384 3786 non
409 3741 568 3799 possumus
592 3741 650 3781 110⁰
675 3724 776 3781 mirari
799 3726 877 3797 quod
931 3726 1565 3802 latosTasciegeramusdcvobistldacism
1580 3725 1755 3800 pleniorem,

53 3839 142 3896 super
159 3819 340 3894 quibusdam
352 3815 431 3888 juris
446 3811 580 3872 articulis
593 3829 647 3869 nos
660 3814 813 3871 consulere
826 3830 878 3871 vo·
931 3837 1021 3893 super
1034 3818 1172 3876 omnibus
1188 3818 1375 3876 monasteriis
1388 3822 1451 3874 tam
1474 3816 1504 3873 in
1529 3815 1637 3873 Tuscia
1661 3831 1756 3888 usque

53 3912 136 3970 luisti
148 3910 199 3984 qui
211 3907 284 3966 nibil
296 3911 347 3964 ant
358 3903 506 3963 modicum
521 3901 713 3961 dubitationis
727 3904 878 3963 continere
931 3908 1095 3967 Vites-bium
1107 3912 1136 3965 st
1146 3909 1234 3964 ilecto
1245 3923 1333 3980 quam
1348 3906 1436 3963 etiam
1456 3906 1485 3962 in
1500 3905 1629 3962 ilercbia
1643 3903 1757 3962 consti·
1860 3910 1864 3927 ’

57 4004 232 4059 noscuntur.
261 3996 378 4054 Primus
403 3993 550 4067 siquidem
573 3996 630 4048 tuae
651 3991 878 4052 consultationis
931 3997 1243 4056 tutiscommittendas
1257 3997 1339 4053 vobis
1362 3995 1502 4053 dammas
1525 3995 1604 4051 vices
1629 3997 1755 4050 nostras.

55 4088 199 4148 articulus
210 4080 878 4157 continebatquodcujusdamecclesiaedscano
932 4088 1074 4156 Quocirca
1089 4085 1259 4144 discretioni
1274 4089 1376 4143 vestre
1392 4101 1444 4157 per
1462 4082 1624 4156 apostolica
1647 4081 1757 4154 scripte
1852 4128 1855 4137 .

58 4175 341 4250 deiuncto,ejusdcm
356 4171 412 4230 loci
428 4170 590 4245 capitulum
600 4170 656 4226 sub
670 4171 725 4227 bac
738 4171 832 4228 torma
847 4172 878 4228 in
932 4164 1382 4248 mandemusquatenusamnes
1397 4170 1561 4245 pariles-vel
1576 4171 1635 4228 duo
1649 4169 1755 4227 saltam

56 4274 169 4344 septem
185 4285 219 4325 ex
234 4267 308 4340 ipsis
323 4262 474 4322 canonicis
499 4261 710 4333 compromisit,
737 4268 769 4319 ut
792 4262 877 4320 illum
932 4282 968 4324 ex
981 4265 1074 4333 vobis,
1091 4265 1116 4321 si
1133 4264 1250 4336 quando
1265 4262 1425 4335 quisquam
1440 4263 1571 4317 vestrum
1593 4258 1757 4331 nequiverit

58 4374 147 4433 quem
163 4374 198 4413 ex
213 4355 301 4413 sevel
316 4352 431 4411 axeliis
446 4349 606 4422 degremio
631 4350 725 4423 ipsius
748 4351 876 4409 eeclesiis
931 4356 1087 4424 interesse,
1107 4370 1175 4411 cum
1198 4352 1346 4410 sociorum
1371 4354 1400 4407 et
1423 4348 1606 4406 evectionum
1631 4362 1757 4404 numero

57 4462 160 4504 omnes
172 4441 333 4517 paritervcl
344 4443 438 4514 major
449 4455 550 4497 eornm
566 4455 634 4512 pars
649 4439 768 4496 duceret
783 4441 879 4498 nomi·
893 4444 917 4511 D
933 4445 1082 4503 moderato
1096 4442 1199 4500 eadem
1215 4439 1394 4498 monasteria
1405 4437 1572 4507 visitantes,
1600 4435 1755 4508 corrigatis

59 4533 203 4600 nandum,
219 4531 298 4587 idtm
314 4529 475 4603 militium
489 4528 640 4600 deciperet
665 4527 695 4583 in
722 4529 878 4588 decanum.
933 4533 1129 4609 appellatione
1144 4534 1334 4604 remotaque
1356 4528 1465 4587 inerint
1489 4526 1673 4600 corrigenda,
1697 4529 1756 4583 sta·

60 4624 220 4681 Undarum
231 4617 422 4677 nnusexillis
433 4621 544 4690 septem
557 4617 678 4675 atribus
693 4617 836 4692 ipsorum,
852 4624 881 4678 et
932 4627 1049 4682 tuentes
1064 4623 1095 4679 in
1107 4621 1151 4678 sis
1166 4637 1230 4694 quac
1243 4619 1333 4677 saluti
1348 4624 1377 4677 et
1389 4617 1534 4676 honestati
1548 4615 1682 4674 videritis
1705 4630 1756 4672 ax-

61 4712 148 4780 ²¹i¹¹³s
165 4711 216 4784 (1¹¹¹
229 4727 286 4768 ¹¹⁰⁰
301 4707 413 4766 0122‘30
427 4723 549 4764 flumem
564 4708 752 4779 0⁰t⁰md0fflt
769 4711 825 4784 (94)
848 4711 880 4769 in
934 4715 1043 4791 pedire.
1058 4712 1143 4771 illam
1157 4715 1256 4770 autem
1273 4709 1473 4768 maturitatem
1486 4713 1516 4766 et
1529 4706 1755 4781 temperantiam

61 4803 204 4859 decanum
222 4798 330 4856 sutrini
345 4796 501 4863 nominati,
517 4813 533 4851 a
547 4796 633 4853 nobis
647 4802 699 4854 tua
713 4799 881 4859 fraternitas
934 4808 964 4866 in
979 4804 1163 4877 exsequendo
1175 4801 1354 4861 visitationis
1369 4802 1499 4859 cilicium
1514 4799 1675 4859 observetis
1690 4803 1722 4855 ut
1737 4797 1757 4853 ii

59 4890 216 4965 ‘multivii
231 4895 297 4946 ulti
311 4903 410 4946 ⁸⁰ittm
428 4884 541 4943 assumi
556 4885 659 4942 debeat
673 4904 690 4942 a
704 4889 830 4962 capitulo
849 4891 879 4948 in
934 4896 970 4953 ad
986 4912 1058 4968 quos
1072 4910 1124 4952 vos
1139 4891 1285 4950 declinare
1300 4890 1455 4963 contigerit
1470 4906 1529 4946 non
1545 4889 1645 4946 minus
1660 4887 1691 4943 in
1706 4901 1756 4943 va·

62 4979 313 5052 decanumsuper
324 4993 381 5050 quo
392 4974 446 5031 tibi
457 4973 555 5031 taliter
564 4975 786 5050 respondemus,
803 4981 880 5051 quod
934 4989 995 5043 stro
1011 4983 1290 5055 recessujgnudeant
1303 4997 1394 5054 quam
1406 4994 1538 5036 accessu.

59 5071 85 5128 is
101 5070 199 5143 quide
215 5083 337 5125 numero
352 5069 465 5139 septem
480 5063 606 5120 utribus
621 5079 722 5121 eorum
737 5066 882 5141 dignosci·
969 5072 1077 5128 Datum
1093 5071 1238 5137 Laterani,
1252 5086 1292 5127 vu
1308 5069 1369 5127 Kal.
1387 5062 1757 5138 Decembris,pontilicetus

60 5166 110 5217 tur
120 5158 386 5231 nominatusp'uxta
396 5151 602 5226 compromissi
612 5156 742 5211 tenorem
754 5155 880 5214 debetin
935 5161 1026 5220 nostri
1043 5177 1120 5218 anno
1135 5159 1302 5217 undecimo,

61 5252 205 5308 decenum
220 5247 340 5318 assumi,
357 5243 518 5304 dummodo
533 5241 667 5299 electioni
687 5243 723 5300 de
746 5261 778 5302 se
799 5245 880 5303 lacte
1325 5277 1362 5290 .-

59 5339 224 5398 consentiat
240 5343 269 5395 et
284 5335 394 5410 aliquid
410 5331 585 5391 canonicum
602 5348 659 5390 non
674 5326 800 5391 obsistat
812 5335 879 5409 (95).

93 5486 151 5557 (93)
166 5488 237 5556 cap.
255 5484 322 5540 cam
337 5483 368 5538 ia
377 5481 453 5553 jare,
467 5475 603 5562 lieelect·
630 5547 636 5562 ,
933 5483 964 5539 in
979 5481 1130 5538 codicibus
1146 5496 1218 5538 mss.
1235 5478 1402 5539 colbertino
1417 5481 1446 5535 et
1460 5476 1674 5606 andegavensi.

93 5557 150 5631 (et)
167 5556 199 5612 ln
214 5552 403 5613 tericolleot.
419 5547 774 5622 additur,ctrriurctiir‚
790 5551 879 5612 etism
970 5553 1109 5627 (emma
1126 5552 1195 5610 Cam
1208 5553 1327 5624 injure,
1342 5549 1521 5622 Docillud.
1559 5547 1632 5623 eleg.
