3780 6000
80 216 127 271 ete

574 194 833 255 conclusurus
852 188 953 247 ANNO
970 190 1020 257 vl,
1039 191 1181 247 CHRISTI
1203 189 1281 244 1203.

1726 188 1782 247 230

83 339 199 397 lideliter
213 334 395 407 colligentes,
413 328 494 386 atad
517 324 690 382 mandatum
715 324 848 375 nostruin
870 317 900 370 in
915 315 941 382 Α
958 314 1094 369 ‹lavimus
1110 313 1783 383 universum,mandantesuniversisssdclibue

86 432 256 490 solationem
270 423 402 500 pecuniae
416 419 634 482 convertantur,
650 428 702 487 pro
718 428 775 482 qun
790 426 851 475 eos,
867 411 903 463 de

84 530 178 581 nostra
192 515 380 591 indulgentia
394 510 526 586 speciali,
543 512 648 582 preter
662 518 848 561 communem
861 502 904 556 in·

84 612 262 687 dulgentiam
280 619 483 665 concesseras
506 595 771 673 predecessoribus
796 591 904 649 nostrie

84 700 305 775 crucesignatis,
319 698 457 773 praelatus
473 693 507 748 lt.
525 689 665 762 usquead
680 685 837 742 triennium
852 686 904 737 ob·

85 794 197 867 ligavit;
215 790 306 847 nullis
323 786 428 843 litteris
443 771 906 845 obstantibasasedeapostoliea

84 879 260 955 impetratis,
277 892 345 934 cam
371 874 426 929 boe
454 868 628 925 mandatum
644 883 660 920 a
677 862 762 920 nobis
776 862 812 918 de
837 876 906 915 cran-

83 967 207 1027 scientia
218 973 299 1022 certa
311 960 458 1037 procedat.
472 957 565 1024 Uada,
578 955 602 1010 ai
617 955 689 1008 t'arte
700 968 789 1023 super
804 949 907 1004 eadem

82 1058 207 1115 ecelesia
223 1058 293 1113 sunt
306 1072 323 1108 a
339 1051 423 1108 nobis
438 1050 624 1103 exsecutores
646 1041 767 1111 obtenti,
789 1053 908 1095 exsecu-

81 1150 174 1203 tiones
186 1161 289 1202 eorum
303 1140 471 1197 briaitatem
482 1133 621 1191 nolumus
632 1131 775 1196 obtinere,
783 1144 850 1184 cam
863 1143 908 1182 ae-

81 1238 212 1293 cundum
241 1229 470 1291 constitutiones
499 1221 715 1280 ecclesiasticas
743 1227 771 1275 et
799 1218 909 1285 civiles,

83 1324 211 1382 mendax
226 1325 361 1395 peccator
376 1331 474 1373 carere
491 1310 782 1384 debeatimpetralis.
799 1311 828 1367 Si
844 1324 911 1364 vero

84 1413 258 1468 mandatum
275 1412 408 1465 nostrum
425 1403 531 1459 timore
554 1397 597 1454 vet
621 1400 725 1471 gratia,
751 1401 829 1471 quod
852 1414 911 1454 nou

83 1501 246 1570 eredimus,
255 1493 442 1569 neglexeritis
451 1485 623 1559 adimplere,
636 1488 665 1544 in
681 1492 770 1559 eaput
782 1493 912 1544 vestram

87 1589 189 1663 procul
207 1586 299 1644 dubie
315 1583 502 1649 redundabit,
528 1598 595 1637 oum
623 1578 863 1642 contradictores,
888 1576 913 1632 si

956 405 1064 462 nostris
1079 422 1130 478 por
1144 406 1335 478 Campaniam
1358 410 1386 461 et
1400 405 1575 462 Maritimam
1598 406 1779 473 errastitutis‚

957 501 990 551 ut
1000 495 1082 551 vobis
1098 496 1133 550 ad
1147 494 1336 551 debellandos
1347 496 1573 551 Tarracinenses
1583 494 1738 551 consilium
1752 497 1781 550 et

958 586 1097 641 auxilium
1114 585 1293 643 exhiberent.
1310 588 1440 658 Cumque
1456 587 1646 658 postmodum
1667 603 1720 658 per
1735 601 1785 641 vos

959 683 988 733 et
1009 675 1191 733 alioelideles
1203 683 1318 733 nostros
1333 677 1436 733 utiensi
1453 677 1588 747 inissent,
1604 682 1633 733 et
1649 676 1786 747 incoepis-

960 774 1005 824 set
1021 768 1080 824 illis
1094 768 1206 824 vexatio
1220 770 1347 824 tribucre
1364 768 1556 839 intellectum,
1571 768 1656 824 nobis
1678 772 1708 823 et
1732 767 1785 823 Ee·

961 857 1054 914 elesiar
1067 858 1784 929 llonranrejurarncntalideliratishumiliterprse-

962 948 1112 1014 stiterunt,
1124 950 1180 1004 sub
1192 949 1289 1005 ‹lebito
1297 949 1459 1020 juramenti
1477 950 1599 1005 tirmiter
1611 949 1786 1020 promitten-

962 1043 1016 1102 tes,
1033 1038 1109 1110 quod
1127 1038 1208 1094 vobis
1224 1038 1251 1093 in
1274 1039 1427 1110 prasentia
1443 1045 1544 1095 nostre
1554 1039 1679 1109 justitia
1695 1035 1787 1110 pleni·

963 1128 1096 1183 tudinem
1112 1127 1291 1183 extuberent.
1309 1128 1380 1183 Cam
1408 1135 1506 1183 nartem
1532 1129 1732 1201 postmodum,
1749 1126 1784 1181 ad

964 1217 1123 1272 terminum
1149 1231 1236 1287 qrrem
1253 1216 1335 1272 vohis
1352 1223 1380 1272 et
1395 1216 1438 1273 eis
1454 1216 1643 1289 preficimus,
1661 1224 1721 1271 tarn
1739 1230 1790 1269 voe

965 1323 1053 1378 qrram
1071 1307 1211 1378 syndicus
1226 1308 1457 1372 Tarracinensis,
1472 1325 1538 1363 crim
1552 1307 1730 1379 quibusdam
1755 1304 1792 1360 da

966 1399 1128 1468 majoribus
1143 1399 1279 1466 civitatis,
1291 1400 1320 1454 in
1334 1404 1430 1454 nostra
1442 1404 1469 1453 ct
1481 1399 1603 1455 fratrum
1621 1403 1790 1454 nostrorum

966 1487 1069 1542 essetis
1081 1487 1234 1559 praesentia
1245 1487 1408 1555 constituti,
1417 1487 1631 1542 restitutionem
1643 1487 1789 1542 Traversn

967 1596 1033 1634 eura
1051 1578 1193 1634 instantia
1207 1580 1359 1650 petelratis,
1377 1584 1405 1633 at
1420 1578 1455 1633 ds
1471 1577 1560 1632 illatis
1576 1578 1695 1632 damnis
1712 1582 1741 1633 et
1755 1576 1793 1633 ir·

86 1680 134 1753 qui
150 1678 272 1744 tuerint,
285 1674 437 1732 coercendi
455 1677 628 1745 potestatem
643 1669 725 1726 vobis
739 1666 912 1741 plenariam,
928 1679 953 1747 B
968 1668 1076 1740 rogatis
1089 1668 1205 1739 injuriis
1218 1666 1449 1724 satisfactionem
1465 1667 1547 1723 vobis
1565 1683 1724 1739 congruam
1741 1682 1789 1722 ex·

88 1769 287 1843 appellatione
301 1764 473 1839 postposita,
490 1762 698 1819 concedamus.

120 1864 232 1917 Datum
249 1855 401 1929 Anagniae,
418 1870 488 1909 xvrn
504 1851 564 1907 linl.
584 1849 743 1907 Februarii.

470 1952 547 2008 ccv.
784 1938 788 1945 '

92 2065 234 2106 aaarsrao
249 2061 387 2112 naariae,
401 2059 519 2099 cannaco
535 2059 559 2098 s.
569 2056 672 2097 caucis
684 2053 916 2095 comnaarsnsrs.

286 2132 389 2191 lterisit
403 2148 466 2188 eum
480 2130 533 2188 suli
547 2131 724 2202 protectione.

254 2224 418 2296 (Anagnia,
448 2240 476 2277 rx
503 2219 568 2277 Kal.
585 2218 757 2289 Februarii.)

127 2312 226 2369 iustis
237 2313 411 2386 petentium,
423 2305 491 2381 ete,
500 2325 586 2381 usque
599 2312 753 2376 anueates,
762 2320 917 2378 personam

96 2408 173 2457 tuarn
186 2417 256 2456 cum
268 2397 636 2469 omnibrra,ete.‚inrnodam
646 2393 921 2467 mutationibusque

96 2489 461 2564 suscipimussspecialiter
476 2493 573 2544 autem
585 2486 760 2543 bonelieium
774 2485 851 2557 qaod
866 2484 919 2538 ha·

97 2583 145 2636 bcs
158 2582 196 2636 ab
212 2578 338 2636 ecelesia
352 2583 466 2634 Sanctae
481 2577 583 2634 Crucis
598 2575 833 2642 Colimbrienais,
845 2575 923 2630 sieut

97 2671 166 2726 illud
179 2672 264 2743 juste
277 2670 410 2743 possides
422 2675 450 2725 et
461 2668 568 2741 quiete,
589 2667 733 2725 devotioni
749 2672 804 2723 tuce
820 2672 921 2722 arieto·

97 2759 180 2815 ritate
196 2757 358 2831 apostoliea
376 2756 600 2821 confirmamus,
614 2760 670 2811 eto.
682 2753 761 2810 Nulli
772 2770 851 2826 ergo,
866 2761 921 2808 etc.

130 2853 238 2905 Datum
256 2848 403 2921 Anagnis,
421 2864 446 2902 xr
463 2845 512 2901 llal
529 2846 688 2902 Februarii.

423 2943 506 3000 ccvi
522 2943 607 3015 (aaa).

973 1759 1075 1813 biberi.

1007 1850 1160 1914 Ceterum,
1176 1849 1315 1920 syndicus
1327 1847 1546 1904 Tarracinensis
1557 1864 1608 1919 per
1618 1847 1793 1902 advocatum

973 1956 1060 1994 saum
1072 1938 1234 1993 econtrario
1246 1939 1450 2011 respondebat,
1465 1938 1541 2009 qnod
1553 1953 1603 1992 vos
1615 1941 1643 1991 et
1655 1933 1796 2008 progani-

972 2032 1051 2082 tores
1066 2028 1154 2083 vestri
1171 2044 1222 2099 por
1239 2029 1332 2100 ipsam
1349 2031 1518 2082 Traveraaar
1534 2025 1795 2083 ‘terracinensibus

974 2117 1080 2173 multas
1095 2123 1125 2174 et
1140 2135 1263 2190 magnus
1284 2117 1409 2188 injurias
1424 2124 1452 2172 et
1463 2118 1607 2187 jacturas.
1631 2116 1797 2189 grandinat

974 2209 1106 2263 enormia
1130 2206 1299 2279 gravamina
1311 2211 1339 2261 et
1353 2206 1510 2278 opprobria
1534 2204 1691 2274 intulistis;
1709 2204 1798 2269 ande,

976 2296 1090 2352 licitum
1108 2298 1150 2351 eis
1166 2302 1228 2352 erat
1254 2312 1397 2368 occupare
1424 2296 1610 2364 'Fr-aversum,
1626 2310 1692 2364 qum
1707 2293 1798 2348 totius

975 2391 1039 2442 erat
1054 2386 1218 2457 iniqnitatis
1232 2388 1405 2453 lomentum,
1418 2386 1453 2440 ad
1465 2385 1673 2441 declinandum
1687 2382 1801 2456 perieu-

976 2477 1038 2532 lum
1055 2477 1134 2549 quad
1151 2476 1233 2532 aliter
1246 2493 1302 2532 noa
1314 2480 1449 2550 poterant
1459 2475 1578 2537 evitare.
1587 2473 1741 2546 postulans
1753 2488 1800 2528 re·

977 2569 1160 2624 stitutionem
1177 2568 1232 2623 sibi
1249 2568 1310 2623 lieri
1327 2567 1520 2639 captivorum,
1536 2572 1694 2638 postquam
1708 2566 1744 2619 de
1755 2564 1801 2619 l'a·

977 2660 1081 2715 cienda
1093 2659 1210 2730 justitia
1226 2663 1325 2714 nostru
1346 2659 1517 2728 J'uraveraat
1532 2674 1634 2729 parere
1651 2656 1800 2713 mandato.

978 2751 1128 2813 Prmtercn,
1144 2766 1209 2805 eum
1228 2765 1279 2820 por
1295 2748 1496 2821 progenitores
1513 2755 1626 2803 vestros
1633 2749 1803 2817 juramenta

980 2841 1139 2906 lalelitatie,
1164 2841 1273 2913 quibus
1290 2839 1465 2896 tenebantur
1486 2838 1549 2895 aedi
1573 2836 1751 2909 apostolica,
1767 2835 1801 2891 ad

980 2949 1039 3005 qua
1052 2954 1067 2987 a
1080 2930 1246 3004 specialiter
1269 2930 1422 3003 spectabat
1446 2930 1611 2984 dominium
1627 2928 1802 2997 'Ferrucinre,

100 3053 255 3093 yomunus
280 3052 367 3102 umis,
393 3051 533 3097 argyrum,
557 3050 670 3099 anenno,
695 3051 794 3107 onom,
817 3050 924 3103 cgypqo,
942 3021 963 3089 C
983 3021 1074 3078 contii
1092 3020 1199 3077 luerint
1214 3021 1361 3092 abjurare,
1373 3024 1401 3075 ot
1411 3018 1725 3091 vobitleiipslsconitti
1741 3032 1803 3072 om·

321 3125 356 3163 er
370 3123 507 3173 naonarn,
524 3123 707 3162 narraremus.

125 3199 338 3256 Cerrtrouercius
355 3200 430 3255 inter
450 3197 524 3269 ipsos
539 3199 563 3252 et
580 3198 786 3254 Tarracinenses
801 3199 924 3254 dirinrit.

314 3289 473 3362 (Anagnia,
488 3304 536 3343 arv
552 3287 611 3341 Kal.
629 3288 723 3359 Febr.)

136 3379 212 3436 Cum
224 3381 398 3435 Travcrsarn
415 3394 466 3449 per
481 3376 642 3433 itomanam
652 3376 933 3433 Ecclesiamtenere·

103 3469 360 3539 tis,'l'e.rracinesis
378 3466 504 3540 populus
518 3466 602 3523 vobis
626 3483 691 3523 cam
712 3469 866 3543 subripere
881 3489 930 3527 ru·

105 3555 559 3627 raserunt.Quod‚postquamad
572 3554 707 3610 notitiam
720 3563 850 3615 nostram
867 3576 931 3632 per·

104 3647 194 3713 venit,
204 3647 241 3703 ad
253 3663 304 3702 eae
315 3645 456 3701 dilectam
466 3644 572 3713 ultan,
587 3645 615 3699 l‘.
627 3648 761 3714 saxonia,
775 3650 931 3708 subdiaco-

106 3735 933 3809 numeteapellaaumnostrum,direximus‚eistlrmiter

105 3827 287 3896 inhibentes,
299 3842 335 3881 ae
346 3825 441 3898 ipsam
453 3831 667 3897 presumerent
678 3827 865 3898 aliquatenus
880 3832 933 3887 de·

105 3913 274 3985 moliri,qui
288 3913 426 3968 mandato
440 3918 539 3968 nostro
554 3914 738 3984 aeqrriesccre
752 3917 870 3987 penitas
881 3936 932 3976 no·

105 4005 236 4061 luerunt.
254 4002 358 4059 lerum
374 4002 433 4058 Noa
462 4018 528 4057 eam
557 4000 600 4057 eis
621 4008 740 4075 agentes
765 4004 933 4079 benignius,

104 4095 252 4150 dilectum
269 4092 375 4162 lilium,
391 4092 464 4164 llug.
479 4091 556 4147 tituli
572 4091 671 4148 Sancti
683 4094 799 4150 Martini
813 4099 935 4172 presby·

106 4196 204 4242 rerum
221 4180 415 4251 cardinalem,
436 4181 472 4237 ad
493 4197 543 4237 eoa
568 4181 707 4237 duximus
733 4184 934 4258 dirigendum,

106 4279 264 4331 monentes
276 4272 357 4344 ipsos
369 4288 420 4344 per
429 4277 544 4339 eum,et
557 4273 679 4328 tirmiter
691 4272 890 4347 injungentes,
904 4284 936 4333 ut

983 3131 1035 3170 nes
1050 3112 1442 3169 homineatldulitatislacere
1452 3107 1806 3181 jnranrenturu,cuu1illis

984 3204 1033 3277 qni
1043 3204 1171 3258 dominis
1183 3203 1246 3258 suis
1258 3202 1343 3257 tidem
1357 3218 1414 3257 non
1427 3204 1545 3255 servant
1556 3197 1740 3254 fideanonsit
1751 3196 1804 3251 ali·

984 3300 1129 3368 quatenus
1148 3294 1302 3356 servanda,
1322 3292 1443 3348 licuerat
1456 3292 1498 3346 eis
1509 3289 1740 3346 dominationem
1756 3303 1806 3343 ve·

984 3393 1075 3442 stram
1094 3385 1229 3457 abjicere,
1246 3389 1275 3439 ct
1289 3385 1324 3439 ad
1342 3381 1470 3438 eeclesiae.
1486 3380 1804 3451 dominium,adquam

986 3475 1167 3548 dignoscitur
1187 3478 1322 3547 spectare
1347 3472 1520 3545 proprietas¹
1545 3487 1612 3527 cum
1640 3468 1731 3536 omni,
1748 3483 1808 3540 qua

987 3573 1117 3640 possent,
1134 3566 1280 3623 celeritate
1304 3566 1408 3621 redire.
1431 3562 1594 3634 nrijioiebat
1619 3561 1707 3617 etiam
1732 3560 1809 3615 idam

987 3659 1135 3731 syndicus,
1152 3658 1240 3729 quod,
1252 3656 1277 3711 ai
1294 3656 1463 3726 tortesuper
1478 3653 1524 3710 bie
1540 3670 1603 3724 quie
1616 3652 1745 3708 lecerunt
1757 3665 1810 3707 uo·

987 3756 1078 3804 stram
1093 3745 1325 3817 indignationem
1342 3745 1538 3811 incurrerant,
1549 3741 1592 3796 vel
1605 3741 1813 3809 offensampa·

987 3837 1043 3894 rati
1058 3841 1143 3893 erant
1157 3836 1326 3892 satisfacere
1344 3834 1427 3891 nobis
1437 3850 1489 3905 pro
1504 3836 1610 3889 nostra
1627 3828 1810 3902 beneplacito

987 3926 1158 3984 voluntatis.
1170 3926 1325 3981 asserebat
1336 3925 1468 3995 insuper,
1481 3923 1643 3993 qund,cum
1657 3921 1692 3975 da
1705 3933 1808 3991 proge-

989 4018 1134 4074 nitoribus
1151 4016 1255 4072 veatris
1281 4012 1545 4087 predecessoribus
1569 4011 1678 4068 nostris
1702 4008 1810 4081 sapias

988 4107 1157 4178 consqueati
1174 4105 1309 4171 luissent,
1324 4109 1352 4160 et
1368 4104 1450 4159 illata
1465 4102 1506 4157 eis
1522 4101 1691 4174 gravamina
1703 4098 1816 4166 etinju·

990 4198 1048 4253 rias
1059 4196 1382 4268 intimassent.qnidanr
1395 4211 1429 4248 ex
1440 4192 1481 4248 eis
1493 4190 1677 4247 indulserant
1690 4190 1814 4251 eisdem,

991 4295 1021 4343 ul
1037 4286 1061 4343 ai
1077 4290 1207 4358 possent,
1236 4285 1408 4340 l'ravarsam
1434 4283 1468 4337 od
1490 4281 1611 4336 vitanda
1636 4272 1815 4348 hujusmodi

106 4366 188 4436 qaod
216 4365 382 4436 impetuose
400 4363 538 4430 lecerunt,
555 4364 719 4420 eonsirltius
735 4368 935 4426 emendarent.
951 4390 974 4459 D
991 4375 1121 4450 pericula
1136 4380 1325 4446 occuparent.
1357 4372 1416 4426 Vna
1440 4377 1550 4437 autem,
1572 4386 1623 4441 por
1644 4369 1817 4423 advocatum

106 4456 163 4511 Sed
178 4455 250 4527 ipsi,
261 4455 551 4510 mandetanostraet
566 4456 848 4513 monilacardinalis
863 4476 936 4530 prra-
990 4471 1118 4521 castrum
1135 4464 1196 4519 haec
1212 4462 1311 4519 orrrnia
1327 4460 1493 4532 negabatis,
1511 4460 1679 4514 asserentes
1694 4456 1773 4527 quod
1789 4469 1804 4509 e

105 4547 190 4616 dieti,
202 4546 281 4600 sieut
294 4560 344 4601 ces
355 4560 411 4600 non
424 4545 531 4615 decuit,
544 4550 776 4616 contemnentes,
794 4549 821 4605 id
838 4551 937 4607 estree-

107 4654 139 4693 re
150 4653 210 4693 non
225 4640 380 4693 curarunt.
398 4637 456 4692 Nos
467 4640 577 4705 autem,
590 4638 619 4692 in
636 4638 711 4695 bono
728 4640 857 4697 volentes
872 4643 938 4698 vin·

107 4744 174 4783 ecre
204 4725 329 4796 malam,
357 4744 410 4799 per
437 4726 550 4783 litteras
566 4735 682 4785 nostras
698 4730 741 4787 eia
756 4731 892 4788 dedimus
909 4734 937 4789 io

112 4818 314 4885 arandatisut
323 4818 428 4875 saltem
439 4818 521 4875 vobis
530 4821 585 4877 sub
597 4822 731 4877 exsarine
741 4828 840 4879 nostro
848 4823 938 4895 justi·

109 4907 182 4965 tiam
192 4908 542 4975 exhiberent.0uod,cam
554 4914 648 4969 lacere
660 4914 782 4979 nullent,
794 4915 939 4986 quasdam

108 4998 318 5057 exeusationes
341 5000 461 5059 irivolae
500 5005 716 5075 praetendendo,
743 5004 800 5062 Nos
838 5023 939 5061 earnm

111 5091 333 5147 contumaciam
349 5094 543 5163 attendentes,
555 5096 692 5152 eonsules
706 5097 941 5165 Tarracinenses,

112 5180 302 5238 consiliarios
312 5185 341 5238 et
349 5182 528 5257 principales
553 5185 805 5253 tautoroeeoram‚
824 5186 942 5245 vincalo

111 5271 427 5330 excommunicationis
441 5272 644 5344 astrinximus,
665 5280 694 5331 et
704 5276 846 5349 populum
862 5277 942 5334 dilli-

154 5453 232 5527 (ll3)
248 5452 411 5526 Epistulam
421 5453 945 5530 banelaudat,necnoninstrumenti,

112 5547 173 5606 qao
186 5525 421 5583 Tarracinenses
436 5526 506 5587 ssdel
519 5532 741 5587 sacramentum
756 5530 887 5602 pontitloi
897 5547 945 5590 ex·

993 4557 1080 4612 etiam
1091 4556 1213 4626 probata
1224 4553 1362 4621 iniissent,
1372 4552 1480 4622 dejure
1493 4566 1551 4606 non
1563 4550 1685 4620 possent
1698 4544 1818 4601 restitu-

994 4647 1081 4703 tionis
1091 4644 1265 4701 benetieium
1276 4642 1428 4715 impedire,
1446 4639 1546 4696 multis
1560 4656 1648 4711 super
1662 4637 1717 4694 hoe
1731 4634 1818 4691 ratio·

994 4736 1082 4793 nibus
1097 4740 1125 4791 et
1141 4733 1408 4807 legibusaltegatis,
1420 4731 1591 4803 prasertim,
1608 4746 1676 4785 cunr
1693 4726 1820 4797 nraj0ree

996 4829 1031 4883 ab
1043 4825 1101 4882 illis
1113 4824 1306 4897 pertulissetis
1319 4821 1454 4895 injurias,
1467 4837 1556 4893 quam
1568 4820 1611 4875 illi
1626 4837 1643 4875 a
1658 4817 1741 4875 vobis
1761 4832 1822 4889 per·

997 4917 1074 4989 pessi
1091 4916 1225 4973 luissent.
1241 4918 1314 4971 Cum
1331 4914 1367 4969 ab
1385 4918 1508 4985 utraque
1519 4912 1647 4983 partium
1661 4908 1821 4965 luissetuo·

998 5023 1059 5063 rem
1077 5006 1162 5062 nobis
1187 5003 1359 5076 aliquandiu
1385 5003 1594 5074 disceptatum,
1623 5016 1686 5066 nos,
1713 4995 1823 5053 auditis

998 5096 1257 5169 utriusquepartis
1275 5095 1438 5151 rationibus
1460 5097 1487 5149 et
1512 5091 1627 5164 plenius
1652 5085 1822 5153 intellectis,

998 5190 1034 5245 de
1055 5189 1179 5245 fratrum
1202 5191 1370 5243 nostrorum
1396 5185 1516 5241 consilio
1543 5180 1750 5238 sententiando
1771 5179 1821 5234 da·

1000 5280 1158 5350 crevimus,
1185 5277 1348 5334 taciendam
1369 5276 1451 5333 vobis
1466 5273 1683 5332 restitutionem
1701 5272 1824 5327 Traver·

1000 5458 1112 5604 qiqgut,
1128 5456 1357 5514 tenaremretert
1368 5453 1548 5528 llayauldaa,
1561 5452 1596 5508 ad
1614 5463 1729 5506 annam
1745 5444 1825 5511 1201,
