3788 6022
53 277 123 332 1373
554 279 815 337 consistentes
833 278 932 337 sacto
949 281 998 350 Xi,
1018 280 1159 336 caelant
1181 278 1260 336 1208.
1687 280 1757 339 1374

51 401 152 457 relicta
179 402 376 460 excellentiori
401 403 448 459 via
476 419 566 476 quam
592 402 678 459 docet
704 402 874 476 Apostolus,
890 400 1013 473 Ajuxta
1028 402 1103 474 quod
1120 402 1161 459 alt
1175 402 1238 474 ipse
1249 402 1393 460 Dominus
1403 418 1454 476 par
1470 403 1757 478 prephetsmzssscr

52 491 187 547 videlicet
201 492 354 562 charitate,
367 497 465 550 tecum
477 492 663 549 concordiam
675 496 703 549 et
718 493 880 550 amicitiam
937 493 1016 565 circe
1026 495 1131 566 luroris
1145 496 1210 566 snei,
1226 504 1255 551 st
1271 494 1383 550 baeatus
1397 496 1455 567 ipse
1480 495 1510 551 in
1530 512 1620 551 mccc
1646 512 1754 567 eorum,
1859 566 1862 571 Ι

53 581 160 637 nolunt
176 581 250 638 inira
265 588 448 654 perpetuam,
468 583 519 639 sed
536 587 655 655 treugas
670 583 707 638 ad
720 581 880 638 terminum
935 582 1095 655 indignatio
1118 600 1180 640 mec
1194 585 1247 655 (isa
1261 584 1301 656 x).
1320 584 1402 640 Unda
1431 585 1466 639 sd
1483 585 1754 643 Nabuchodonosor

51 671 161 726 iterum
176 670 318 740 inierunt,
335 670 403 727 licet
418 671 562 727 Dominus
577 687 635 727 non
651 671 688 727 ad
700 674 817 742 tempus
829 672 881 729 sed
938 671 1028 736 dlxiii
1043 672 1113 741 octe
1127 672 1249 740 servisti,
1265 673 1337 729 miti
1351 674 1382 729 ic
1398 675 1478 746 Tyro,
1495 672 1565 730 dabo
1590 675 1643 730 tibi
1667 678 1757 748 Aigy-

52 763 193 833 parpetuo
205 759 306 816 haberi
326 761 478 833 praecipiat
494 759 680 816 charitatem.
697 760 780 817 Unde
796 761 881 817 nobis
932 765 1014 832 ptem
1028 762 1137 832 (duct.
1148 764 1237 832 xxia).
1253 761 1336 818 Juste
1351 762 1498 835 siquidem
1510 762 1541 818 in
1570 762 1678 819 diluvio
1703 780 1753 835 pe·

51 848 206 906 humiliter
219 849 394 922 supplicasti
407 857 439 904 ut
452 865 503 906 eos
517 854 612 906 tecum
629 852 775 921 perpetue
798 849 880 921 pacis
934 852 1105 923 cieruntqui
1116 867 1258 908 essecum
1268 851 1539 908 Noemolueruntin
1556 868 1633 919 arca,
1654 856 1683 909 et
1709 853 1755 909 la-

51 936 442 1005 loederaiaceramusinire,
472 955 537 994 cunr
557 938 725 1010 imperante
754 937 879 995 Domino
934 941 992 997 mis
1003 940 1129 996 inediam
1140 944 1211 997 sunt
1222 939 1413 1013 perpessiqui
1426 942 1543 997 beatum
1554 940 1671 996 Petrum
1682 958 1754 1014 apo·

51 1027 157 1083 dilecto
184 1043 301 1099 semper
329 1027 432 1083 debeat
454 1027 533 1083 inter
560 1026 743 1084 Christianos
769 1027 877 1100 vigere,
934 1029 1076 1086 stolorum
1094 1030 1263 1103 principem,
1288 1029 1336 1086 cui
1351 1031 1513 1102 pascendae
1537 1029 1684 1086 commisit
1698 1030 1755 1088 Do·

50 1116 180 1187 legatum
196 1134 214 1172 a
229 1121 331 1173 nestro
345 1116 435 1174 latere
450 1116 635 1173 destinantes
645 1117 785 1189 quiinter
795 1123 823 1173 te
846 1132 879 1173 ac
933 1119 1032 1176 minus
1053 1136 1120 1176 oves
1148 1136 1230 1187 suas,
1257 1119 1415 1176 noluerunt
1445 1116 1573 1190 racipere
1599 1118 1629 1174 in
1654 1123 1754 1192 pasto-

49 1206 133 1279 ipsos
149 1222 251 1279 pacem
268 1205 399 1263 stabiliat
414 1211 442 1263 et
457 1210 625 1279 componat,
641 1210 675 1262 ut
689 1223 744 1263 nec
758 1212 789 1262 tu
824 1222 877 1263 nec
933 1225 1006 1275 rem,
1032 1212 1096 1281 pest
1123 1224 1226 1281 greges
1256 1207 1401 1265 sodalium
1430 1207 1588 1279 evagando,
1621 1207 1754 1265 nolentes

51 1295 109 1367 ipsi
126 1295 287 1350 terminum
303 1311 390 1366 quem
407 1296 485 1353 Deus
498 1296 575 1352 inter
589 1300 616 1351 te
628 1312 664 1352 ac
679 1296 761 1369 ipsos
776 1296 876 1368 dispo·
932 1298 968 1353 ad
985 1298 1129 1354 unitatem
1145 1297 1239 1354 redire
1254 1296 1391 1369 sepinas
1406 1296 1671 1369 predecessoribus
1695 1314 1751 1354 no·

50 1386 206 1451 auit,mare
219 1384 365 1452 videlicet,
382 1387 512 1442 transire
528 1391 720 1459 presumant,
739 1387 790 1443 aad
820 1385 878 1441 hu·
932 1386 1002 1444 atris
1025 1390 1054 1443 et
1081 1387 1166 1444 nobis
1193 1390 1281 1443 etiam
1305 1386 1476 1443 commoniti
1503 1386 1669 1460 diligenter,
1699 1403 1753 1444 uec

46 1474 181 1548 jusmodi
197 1475 324 1531 termino
339 1476 555 1545 sintcontenti,
571 1476 747 1549 promittens
761 1481 790 1533 ts
817 1492 877 1532 una
930 1475 1231 1550 volueruutunquam
1252 1481 1338 1531 terrae
1369 1479 1477 1532 sanctae
1499 1474 1666 1532 subsidium
1695 1475 1753 1533 im·

51 1564 476 1623 cumeiscontralsmaelitas
498 1566 624 1622 viriliter
651 1574 874 1639 pugnaturum
930 1565 1043 1639 pertlri,
1081 1566 1128 1623 cui
1155 1570 1218 1621 tum
1244 1565 1393 1621 vicinitate
1421 1564 1564 1633 locorum,
1603 1572 1666 1622 tum
1704 1566 1756 1623 ab·

49 1653 180 1726 alioquin
192 1653 491 1728 cumalienigenisjet
505 1654 636 1727 psgania,
651 1657 786 1728 quamvis
801 1655 875 1711 invi·
932 1656 1075 1712 undantia
1129 1654 1309 1721 divitiarum,
1365 1652 1481 1729 plenius
1523 1659 1550 1710 et
1595 1655 1755 1727 perfectius

48 1748 110 1811 tus,
123 1748 348 1814 pactumtnmen
359 1744 433 1801 inies
445 1748 545 1801 contra
559 1761 619 1809 eoa.
636 1749 665 1801 et
682 1744 876 1801 associaberis
891 1774 915 1841 B
931 1747 1276 1819 succurrerepctuerunt.
1293 1741 1375 1800 Unde
1390 1742 1610 1800 necimmerito
1626 1760 1678 1816 per
1701 1758 1755 1801 eos

50 1831 179 1905 blachis,
194 1849 263 1890 cum
280 1850 382 1906 pacem
397 1834 549 1907 quesieris
560 1837 589 1890 et
603 1834 687 1890 illam
703 1851 761 1890 uon
778 1834 876 1891 valeas
932 1831 1755 1905 quisdutramquepariterintendebantleeumperdide·

48 1921 192 1979 iuvenire.
204 1922 264 1979 Nos
278 1927 377 1979 sutem
411 1930 589 1980 memoratos
617 1940 676 1980 non
700 1940 877 1981 excusamus
931 1927 1001 1979 runt
1012 1927 1041 1979 et
1054 1927 1170 1996 gentem
1188 1940 1195 1990 ;
1212 1926 1245 1978 ut
1259 1921 1382 1994 perditis
1393 1921 1470 1977 mals
1485 1920 1583 1993 malis,
1597 1921 1661 1995 ipsa
1674 1926 1754 1980 terra

48 2011 368 2084 Latinos,quosauper
382 2012 551 2069 excessibus
571 2013 635 2070 auis
651 2013 801 2071 multoties
830 2029 875 2071 re·
931 2010 1203 2070 talibualocnretur
1230 2009 1366 2084 agricolis
1394 2010 1445 2082 qui
1470 2010 1599 2066 trucium
1628 2012 1752 2069 reddant

49 2100 236 2172 darguimus,
257 2103 305 2158 sed
324 2102 529 2159 exeusationes
544 2119 646 2159 eorum
660 2104 798 2177 presenti
820 2104 875 2160 tibi
929 2099 1395 2173 temporeoppertuno.Caternm
1407 2099 1486 2172 qnia,
1500 2100 1751 2172 quemadmodum
1862 2090 1888 2109 “’

47 2189 875 2266 paginaduaimusdeclarandas.Dicuntenimquodillius
928 2189 1037 2263 legitur
1050 2189 1081 2246 in
1091 2188 1210 2247 Daniele
1225 2188 1378 2261 propheta,
1393 2193 1438 2245 est
1453 2189 1529 2245 Deus
1544 2189 1573 2246 in
1599 2188 1671 2246 coelo
1700 2189 1752 2262 qui

48 2277 566 2354 adelescentiseusceptoducatuqui
578 2281 874 2339 fatebaturConstan-
929 2279 1037 2336 revelat
1052 2278 1201 2352 mysteria,
1218 2282 1314 2335 mutat
1327 2284 1471 2352 tempora,
1487 2282 1516 2335 et
1536 2280 1679 2337 transfert
1706 2295 1751 2336 rc·

48 2366 652 2441 sinopotitanumimperiumsibidejure
682 2371 791 2438 deberi,
824 2387 873 2427 ne·
928 2384 997 2441 gna,
1013 2369 1063 2442 qui
1077 2369 1248 2425 dominatur
1263 2368 1292 2423 in
1309 2384 1398 2441 regno
1413 2368 1579 2438 hominum,
1594 2372 1624 2425 et
1637 2369 1685 2424 cui
1698 2386 1749 2426 vo·

47 2455 173 2513 cessitas
187 2471 238 2511 eos
253 2455 397 2528 compulit
411 2457 583 2528 importuna
598 2461 631 2513 ut
648 2459 676 2514 in
699 2459 872 2515 Romaniam
927 2458 1015 2515 luerit
1029 2459 1112 2516 dabit
1122 2457 1576 2530 illud,Constantinopolitanum
1592 2458 1750 2530 imperium

49 2544 85 2600 ad
99 2545 277 2617 acquirenda
287 2545 427 2602 victualia
442 2546 634 2612 declinarent,
648 2551 678 2602 et
692 2547 874 2605 iacieutcade
927 2547 1081 2604 transtulit
1095 2548 1131 2603 ed
1147 2549 1277 2614 eoadem,
1293 2547 1439 2603 nobilitati
1454 2551 1510 2603 tue
1522 2546 1707 2604 consulimus
1717 2553 1751 2605 ut

47 2635 222 2692 necessitate
234 2637 384 2701 virtutem,
396 2635 587 2693 intenderunt
603 2637 632 2692 in
645 2637 711 2709 ipsa
729 2638 872 2711 principa·
926 2636 955 2692 in
972 2640 1132 2709 conspectu
1148 2635 1315 2693 charissimi
1331 2636 1361 2691 in
1377 2634 1491 2692 Christo
1502 2636 1555 2690 lilii
1573 2637 1750 2694 nestrich·
1846 2676 1850 2683 -

46 2723 115 2781 liter
130 2741 287 2797 procurare
301 2730 447 2797 quatenus
465 2725 633 2798 apostolicae
666 2727 728 2783 sedi
752 2732 870 2799 gratum
926 2724 978 2780 rici
994 2722 1311 2797 Constantinopolitani
1328 2722 1514 2795 imperatoris
1542 2721 1668 2779 illustris
1692 2724 1750 2780 hu-

46 2816 389 2888 pretarentobssquium
421 2820 449 2870 st
479 2820 665 2887 expectatum
694 2832 870 2873 succursum
926 2812 1022 2871 milies
1037 2813 1226 2886 temetipsum
1242 2811 1327 2884 eique
1342 2811 1451 2868 servias
1462 2811 1603 2868 honorem
1614 2812 1747 2869 debitum

47 2900 246 2959 nihilominus
260 2907 344 2959 terre
362 2907 469 2960 sanctas
487 2923 494 2975 ;
511 2905 588 2977 qued
605 2905 640 2960 ad
657 2905 779 2978 plenum
800 2923 870 2962 con·
925 2903 1132 2975 impendendo.
1143 2901 1278 2959 Jeremie
1291 2905 1449 2974 sequentes
1464 2900 1644 2975 exemplum,
1657 2917 1745 2975 quem

44 3007 213 3050 summense
228 2998 380 3066 putarunt,
396 3009 463 3050 cum
480 2994 542 3050 sine
557 2994 713 3067 sanguinis
728 2994 871 3052 allusione
925 2992 1084 3049 israelitico
1100 2991 1208 3066 populo
1225 2992 1349 3064 legimus
1372 2990 1528 3048 consilium
1551 2991 1690 3049 tribuisse
1714 2994 1748 3048 ut

42 3081 126 3153 regia
142 3084 213 3137 urba
228 3087 325 3154 capta,
341 3086 370 3138 et
389 3084 560 3140 accubatore
583 3084 698 3157 imperii
728 3084 867 3156 adligato,
925 3081 1196 3139 Nabuchodonosor
1224 3081 1286 3154 regi
1310 3079 1453 3138 servirent
1476 3084 1505 3137 et
1532 3080 1663 3138 viverent
1691 3082 1747 3139 sub

43 3170 248 3242 restitutisque
263 3172 292 3226 in
309 3171 375 3244 ipsa
391 3177 472 3245 patre
485 3172 576 3229 simui
597 3189 630 3229 sc
660 3173 730 3244 lilio,
757 3173 869 3231 isachio
885 3143 907 3212 c
926 3172 1039 3231 sedem.
1056 3171 1084 3226 si
1101 3170 1179 3228 euim
1191 3170 1335 3243 propheta
1348 3168 1749 3244 consuluitutlldelispopn-

41 3260 179 3317 videlicet
189 3264 218 3317 st
229 3260 377 3331 Alexio,ad
390 3260 541 3334 lastigium
559 3263 755 3335 imperatoris
772 3264 870 3335 digni·
925 3259 1089 3318 lusiniideli
1101 3260 1161 3332 regi
1170 3260 1414 3332 serviret,quanto
1427 3257 1523 3331 magis
1534 3258 1748 3316 consulendum

40 3350 123 3418 tatis,
139 3351 273 3407 fecarunt
287 3350 368 3423 ipsos
383 3366 440 3406 non
456 3355 573 3407 coaetos
588 3356 783 3408 sacrosancte
796 3368 871 3423 epo·
926 3349 1032 3409 esttibi
1048 3346 1377 3421 utaerviasimperatori
1389 3346 1749 3420 prelato,cuirlltissimus

41 3439 331 3497 stolicreseditactis
354 3441 513 3513 evangeliis
542 3441 739 3498 obedientiam
769 3457 871 3514 repro·
926 3435 1440 3511 deditimperiumcumcatholicus
1458 3435 1747 3509 princepsetlldolia

47 3528 176 3595 mittere,
192 3528 339 3601 imperiali
351 3529 436 3586 nobis
447 3530 558 3603 scripte
574 3530 736 3586 transmiso
754 3532 788 3587 ad
806 3548 871 3587 ma·
925 3529 1040 3600 existat,
1056 3533 1089 3584 ut
1103 3527 1159 3584 sub
1175 3527 1351 3598 ejasvivens
1365 3524 1489 3599 imperio
1501 3542 1601 3599 pacem
1613 3525 1747 3584 obtineas

40 3617 563 3690 ‚ioremlldeillrmitatsmutquod
595 3636 645 3674 ore
672 3620 871 3691 promiserant
925 3621 1102 3691 exoptatam.
1118 3621 1210 3689 Super
1224 3632 1257 3672 eo
1272 3632 1339 3672 vero
1366 3616 1445 3687 quod
1475 3614 1542 3671 illos
1571 3614 1746 3672 charitatem

43 3722 132 3779 opere
141 3706 348 3778 adimplerent.
366 3707 498 3779 Cumque
514 3725 544 3764 se
571 3710 606 3764 ed
629 3709 828 3782 navigandum
839 3710 869 3766 in
925 3707 1101 3765 asserianon
1114 3706 1288 3779 habere,pro
1300 3721 1333 3761 ee
1349 3705 1427 3777 quod
1441 3708 1537 3761 tecum
1563 3708 1684 3776 treugas
1709 3704 1745 3761 ad

41 3797 155 3870 Syriam
170 3796 241 3852 totis
253 3796 367 3853 viribus
382 3803 592 3869 prepararent,
603 3798 706 3854 innata
735 3799 869 3871 ipsorum
923 3798 1085 3853 terminum
1096 3794 1372 3864 inierunt‚uolentes
1384 3795 1501 3851 easdem
1513 3796 1543 3850 in
1570 3799 1745 3867 perpetuum

43 3886 157 3943 malitia
167 3884 346 3958 juramentis
361 3890 390 3942 st
405 3888 499 3958 pactis
513 3888 631 3960 penitus
646 3887 773 3957 violatis,
790 3888 868 3961 igne,
924 3884 1068 3952 stabilire,
1083 3901 1151 3941 eum
1164 3883 1281 3940 dilectio
1296 3882 1423 3939 termino
1438 3899 1496 3938 non
1513 3880 1675 3950 claudatur,
1692 3883 1746 3940 tibi

39 3975 106 4034 dolo
122 3979 151 4032 et
164 3974 259 4031 toxico
270 3975 327 4030 iter
339 3991 442 4032 eorum
473 3992 530 4033 non
556 3977 648 4034 semel
676 3981 794 4034 tantum
817 3979 868 4034 sed
923 3975 1051 4032 breviter
1079 3974 1294 4048 respondemus
1320 3973 1397 4045 qued
1427 3972 1556 4029 charitas
1586 3976 1615 4029 et
1648 3976 1746 4045 potest

42 4081 120 4137 sepe
135 4062 270 4136 nequiter
283 4063 444 4136 impedivit,
458 4069 487 4121 et
502 4066 537 4122 ad
547 4067 768 4140 occupationem
786 4067 868 4123 urbis
923 4070 952 4122 et
962 4065 1048 4122 debet
1061 4063 1149 4121 etiam
1166 4063 1230 4119 eine
1244 4061 1551 4135 treugiababeri,cum
1564 4078 1621 4118 non
1648 4061 1743 4117 solum

41 4153 129 4226 regie
144 4154 226 4225 ipsos
241 4153 271 4210 ln
287 4169 389 4210 eorum
405 4154 601 4226 pernitionem
621 4156 678 4229 (22)
707 4156 868 4213 renitentes
923 4156 958 4211 ad
976 4153 1086 4209 emices
1098 4153 1148 4208 sed
1160 4153 1261 4220 etism,
1275 4153 1309 4207 ad
1327 4151 1464 4207 inimicos
1482 4152 1520 4206 sit
1536 4152 1601 4224 ipsa
1616 4150 1745 4207 charitas

40 4248 70 4299 et
84 4242 191 4298 invitos
203 4243 334 4307 attraxit,
350 4259 410 4314 qua
425 4242 490 4299 sola
505 4244 555 4299 Dei
570 4245 678 4301 virtute
694 4244 869 4301 mirabiliter
921 4243 1111 4312 extendenda,
1129 4242 1244 4297 dicente
1260 4240 1392 4297 Domino.
1411 4239 1526 4308 bitteite
1541 4239 1670 4296 inimicos
1686 4256 1745 4296 res·

39 4332 233 4405 triumphata;
245 4330 387 4404 quidquid
400 4336 508 4388 extunc
524 4335 797 4406 quocunquemodo
823 4335 866 4390 vel
920 4344 985 4400 tros,
1003 4329 1153 4403 benefacite
1165 4329 1200 4385 iis
1225 4328 1275 4401 qui
1302 4328 1417 4384 oderunt
1462 4343 1517 4394 vos,
1542 4334 1569 4383 et
1593 4336 1669 4384 erute
1696 4344 1744 4384 erc

37 4423 103 4479 loco
120 4419 410 4478 leceriutvoluutarii
422 4420 466 4477 vel
479 4421 867 4493 inviti,semperhabuerunt
918 4420 1145 4494 persequentibus
1159 4427 1185 4474 et
1213 4417 1450 4473 calumniantibus
1473 4416 1550 4471 cobis
1577 4415 1688 4487 (ttcttt.
1704 4428 1742 4485 v);

39 4512 72 4569 in
89 4511 163 4567 votis
179 4509 427 4566 utincbedientic
443 4510 520 4567 lilios
534 4512 709 4567 reducerent
734 4511 770 4566 ad
799 4513 866 4567 ohe·
882 4510 906 4575 D
921 4527 985 4584 que
1002 4508 1131 4581 proiecto
1147 4523 1198 4579 per
1211 4510 1330 4576 treugas
1342 4521 1399 4561 non
1415 4503 1542 4573 tollitur,
1559 4505 1607 4560 sed
1620 4504 1744 4573 levetur,

41 4600 184 4658 dientiam
201 4599 375 4654 matrissuae
392 4603 453 4654 lam
468 4600 599 4656 debitam
616 4616 705 4672 quam
722 4602 867 4668 devotam,
922 4599 996 4655 etad
1006 4597 1213 4671 perlectionem
1228 4593 1322 4667 ipsius
1342 4594 1391 4650 via
1418 4592 1531 4650 lacilior
1551 4600 1742 4667 praeparatur.

42 4695 72 4746 et
87 4705 139 4762 per
153 4687 312 4759 imperium
330 4687 480 4744 Romsnioe
496 4690 694 4762 opportunius
710 4693 738 4744 ct
752 4688 868 4744 lucilius
922 4689 964 4744 'I'u
981 4704 1048 4745 vero
1063 4684 1249 4758 dispositioni
1265 4682 1369 4739 divine
1377 4682 1641 4755 consentiensque
1664 4682 1743 4740 idem

41 4781 248 4838 succnrrerent
262 4780 346 4833 terre
363 4781 481 4834 sanctae.
499 4777 575 4833 Licet
589 4782 687 4834 autem
717 4778 774 4849 ipsi
802 4794 867 4834 om·
921 4783 966 4834 est
980 4775 1186 4850 imperatorad
1200 4772 1354 4846 imperium
1366 4772 1556 4841 sublimatus,
1572 4772 1597 4828 ei
1609 4772 1742 4829 debitum

40 4870 112 4926 nino
137 4865 333 4938 inculpabiles
362 4883 420 4922 non
448 4866 585 4933 existant,
617 4883 668 4938 per
695 4882 745 4923 coa
768 4871 865 4924 tamen
920 4860 1742 4940 impendasebscquiumethonorem‚etn0bis,qui,li·

41 4961 156 5016 Graecos
167 4957 250 5028 juste
267 4955 317 5011 Dei
329 4956 442 5027 judicio
459 4955 607 5010 credimus
618 4955 710 5027 luisse
735 4958 865 5028 punitos,
920 4961 965 5013 cet
979 4955 1106 5029 indigni,
1121 4955 1218 5010 iocum
1229 4951 1304 5009 beati
1316 4951 1390 5007 Petri
1402 4955 1549 5020 tenemus,
1560 4950 1741 5006 devotionem

40 5048 92 5121 qui
104 5046 234 5102 tunicam
247 5044 454 5101 inconsutilem
462 5043 531 5100 Jesu
541 5043 649 5100 Christi
657 5044 867 5102 scinderesunt
919 5049 948 5101 et
964 5044 1157 5100 reverentiam
1173 5058 1240 5101 cum
1256 5040 1394 5098 omnibus
1405 5041 1454 5113 qui
1471 5044 1541 5096 sunt
1555 5041 1741 5095 tecumaata·

40 5134 145 5192 moliti.
163 5135 235 5189 Cum
247 5133 324 5188 enim
338 5133 452 5204 jradicia
480 5131 531 5187 Dei
561 5132 634 5187 adeo
662 5130 723 5188 aiut
750 5131 865 5188 occulta
918 5148 971 5205 gns
986 5131 1121 5189 exhihere
1134 5150 1141 5199 ;
1153 5131 1283 5205 quianos
1295 5145 1346 5202 per
1360 5128 1489 5202 legatum
1507 5142 1593 5200 quem
1617 5127 1652 5182 ad
1673 5142 1739 5198 pac-

38 5223 118 5297 quod
130 5223 255 5296 abyssus
271 5219 367 5277 multa
377 5220 620 5292 propheticavoce
634 5219 864 5291 dicuntur,arepe
918 5215 1740 5288 tasillasintendimusdestinare,imperateremeumdem

36 5310 185 5383 contingit
200 5315 233 5365 ut
248 5308 344 5379 ipsius
361 5308 612 5381 occultojudicio,
628 5324 746 5381 semper
764 5312 862 5365 tamma
917 5310 1060 5365 iaciemus
1076 5307 1200 5365 sollicite
1215 5305 1396 5365 commoneri
1411 5310 1444 5361 ut
1458 5307 1555 5360 tecum
1571 5302 1602 5360 iu
1633 5302 1737 5376 spiritu

27 5396 298 5478 justissimo,mali
320 5397 466 5454 malorum
496 5399 660 5456 ministerio
689 5398 861 5470 puniantur,
916 5398 1044 5457 ambulet
1058 5396 1281 5455 leuitatis.Cum
1298 5399 1396 5452 autem
1418 5395 1516 5465 ipsum
1543 5392 1676 5465 legatum
1703 5394 1740 5449 ad

69 5616 126 5690 (22)
139 5612 341 5671 Perdicticecm
355 5617 408 5670 aut
417 5614 582 5686 perniciem,
