3780 6000
70 168 135 250 ‘su
552 197 762 255 ruuocsuru
782 198 1245 256 ursnamasroamrma.
1265 197 1329 255 vu.
1739 204 1793 263 sia

83 320 161 379 siout
175 324 466 390 tenemur,attootius
481 324 766 396 rogantes,utjdictas
780 340 906 381 conven-
921 327 949 395 Α
963 324 1050 398 pulso
1062 323 1162 383 Alexio
1177 324 1321 382 avunculo
1336 343 1402 396 suo,
1418 330 1560 400 captaque
1582 330 1792 389 Coustmino-

84 413 181 470 tiones
197 415 276 468 ratas
291 411 528 483 babeatis,eteas
543 413 726 471 auctoritatis
742 413 912 488 apostolicae
963 413 1095 488 politana
1109 412 1236 484 ciuitate,
1252 431 1319 471 cum
1336 432 1443 489 magno
1468 416 1598 490 periculo
1627 423 1657 476 st
1681 420 1791 492 labore,

85 499 252 558 munimine
267 501 456 560 confirmetis.
468 503 657 560 sanctitatem
668 504 911 560 etenimvostram
964 503 1095 561 obtinere
1110 504 1279 562 curavimus
1294 504 1377 577 prius
1388 505 1548 563 abisacbio
1562 511 1645 580 patre
1655 507 1754 583 ipsius
1765 515 1793 567 et

85 607 173 648 nosse
188 591 335 658 volumus,
350 593 426 664 quod
443 609 509 649 cum
527 598 685 650 memorato
701 595 775 650 duce
802 598 831 649 et
859 593 912 650 Vs·
964 593 1136 666 parentibus
1151 593 1227 666 ejus,
1243 598 1272 650 et
1288 593 1421 666 pluribus
1436 594 1503 651 aliis
1518 597 1791 668 magnatibuscivi·

87 680 164 738 ustis
179 681 346 738 societatem
364 683 469 738 bonam
486 688 515 740 et
527 683 644 740 ssdclem
660 683 782 741 insimul
806 682 911 739 habui·
964 682 1045 752 tatis,
1060 684 1162 740 eadem
1172 684 1330 740 securitate
1342 690 1473 756 accepta,
1491 683 1542 757 qui
1566 701 1634 742 cum
1650 697 1682 742 tu
1712 687 1791 746 dicta

86 774 196 842 mus,et
210 786 260 827 eos
269 775 472 843 cooperatores
487 771 680 845 probissimos
696 776 724 828 et
736 771 911 830 efficacesad
965 771 1160 845 promissione
1176 774 1341 842 mendaces,
1357 773 1515 830 etiallaccs
1525 774 1699 844 existerent,
1711 776 1792 849 ipsos

85 858 226 917 honorem
236 859 299 928 Dei,
315 864 344 915 et
359 866 466 917 sancto
483 864 619 917 Romano
647 860 793 932 llcciesie,
808 866 837 918 et
851 861 912 917 im·
965 866 1104 935 tanquam
1120 860 1317 933 inimicantes,
1332 867 1439 919 sanctus
1454 863 1591 920 Romana
1601 863 1748 932 Ecclesia,
1763 871 1792 924 et

86 947 159 1022 pei-li
176 949 278 1017 nostri,
289 948 367 1005 sicut
382 948 447 1022 ipsa
471 965 559 1023 opera
582 951 800 1020 demonstrant,
827 951 912 1007 iuve—
964 950 1196 1008 Christianitatis
1211 951 1375 1022 proditores
1385 951 1587 1009 diffidavimus
1602 955 1715 1027 quibus
1732 957 1791 1013 sci·

85 1039 197 1106 nimus,
214 1041 242 1095 et
257 1038 286 1094 iu
301 1038 399 1095 tuturo
415 1038 618 1097 desideramus
632 1039 821 1108 boberanum
837 1044 866 1096 et
876 1041 911 1097 ad
965 1038 1033 1096 licet
1047 1043 1130 1113 patre
1143 1042 1172 1096 et
1187 1039 1246 1096 illio
1262 1057 1314 1113 per
1327 1040 1492 1098 (trecorum
1518 1043 1715 1114 proditionem
1741 1061 1791 1101 ex·

87 1128 219 1203 regimen
235 1127 350 1201 imperii
366 1127 473 1199 nostri,
490 1132 519 1185 st
533 1129 569 1185 ad
586 1128 807 1187 subventionem
829 1134 912 1186 torro
966 1129 1093 1199 stinctis,
1105 1128 1232 1202 aliisque
1246 1129 1385 1186 Graeculis
1412 1131 1593 1200 sublimatis,
1623 1132 1789 1191 Graecorum

88 1223 207 1285 sancte,
229 1217 316 1288 etad
341 1218 487 1274 unitatem
518 1217 652 1276 Ecclesia
673 1220 913 1291 conservandam,
966 1217 1148 1275 sustinentes
1172 1217 1331 1287 molestias,
1360 1223 1391 1276 et
1415 1219 1618 1279 infestationes
1643 1222 1790 1292 assiduas,

87 1308 214 1364 societas
229 1324 330 1363 eorum
347 1307 429 1363 utilis
445 1308 525 1364 silet
542 1309 773 1376 necessariam
788 1306 851 1364 sine
865 1323 913 1364 eo·
965 1312 1026 1365 tam
1039 1324 1090 1380 per
1105 1324 1185 1365 mare
1200 1307 1382 1365 mittentium
1399 1310 1434 1366 ad
1452 1326 1505 1365 nos
1527 1327 1616 1368 naves
1639 1328 1791 1380 accensas,

86 1413 153 1454 rum
169 1397 308 1454 societate
323 1402 351 1452 et
367 1413 466 1453 amore
481 1396 638 1469 imperium
657 1401 791 1454 nostrum
811 1397 848 1452 ad
860 1396 913 1453 ho·
967 1402 1000 1454 ut
1023 1403 1157 1454 nostrum
1186 1398 1335 1471 navigium
1359 1399 1577 1470 comburerent,
1593 1405 1623 1457 et
1651 1401 1792 1458 diuturna

42 1492 45 1499 '
87 1503 189 1543 norem
207 1485 645 1554 Dei,otvestrasanctrssedis
662 1484 916 1560 regivuieatoom-
967 1486 1357 1560 bellalulersntium,qusm
1378 1493 1553 1562 perterram
1570 1489 1791 1548 multisvariis·

87 1575 244 1648 petentes]
968 1592 1025 1649 qus
1040 1576 1146 1643 modis,
1157 1575 1373 1633 communicato
1388 1576 1511 1633 coasilio
1522 1579 1655 1635 omnium
1673 1578 1792 1637 clerico·

412 1692 482 1749 0011
509 1694 591 1764 (588)Ι
928 1697 952 1765 B
968 1682 1033 1722 rum
1048 1669 1077 1722 et
1090 1664 1233 1722 laicorum
1249 1665 1404 1731 exercitus,
1414 1666 1793 1740 convenientibusqulbus-

265 1797 349 1838 „oms
377 1798 552 1839 ,mmm
575 1799 612 1838 A„
628 1799 733 1838 mm·
968 1756 1036 1812 dam
1050 1756 1127 1811 inter
1141 1770 1195 1810 uos
1209 1757 1237 1811 et
1252 1755 1332 1827 ipsos
1348 1754 1520 1828 promissis,
1541 1756 1619 1813 siout
1641 1772 1677 1814 ex
1692 1763 1792 1815 tenore

88 1870 402 1928 mmmmm„
424 1871 536 1938 podem,
562 1872 635 1929 epp,
653 1875 811 1944 umnam
844 1871 914 1928 ew,
967 1842 1792 1945 exemplidiotarumpactiopomsauctitasvcstrapoto·

123 1942 306 2015 stonlinopcls‘
320 1952 455 2000 rollonem
471 1943 576 2007 reddin
592 1944 693 2000 calnae
721 1942 857 2016 supplicat
884 1947 915 1999 al
968 1934 1005 1991 rit
1019 1933 1129 1991 clarius
1141 1948 1327 2006 cognoscere,
1343 1938 1492 1990 civitatem
1522 1935 1791 2010 Constantinopoli·

121 2013 270 2099 petitiones
285 2032 357 2087 quus
371 2018 398 2072 ci
410 2017 480 2088 lectt
493 2031 544 2089 per
559 2017 674 2072 nuntios
693 2014 811 2088 lenione
825 2031 912 2072 eson-
968 2032 1029 2080 tau.
1045 2022 1081 2078 sd
1095 2021 1235 2078 honorem
1247 2020 1298 2077 Dei
1307 2025 1336 2077 et
1346 2028 1454 2078 sanctas
1468 2022 1605 2078 Romane
1617 2022 1751 2080 ilcclesie
1766 2028 1795 2080 et

122 2087 193 2144 Μ·
968 2110 1197 2169 Christianitatis
1210 2110 1433 2168 subventionem
1445 2112 1627 2169 decrevimus
1641 2113 1793 2171 debellau-

19 2264 23 2277 ,
130 2203 320 2279 [Venerabili
336 2203 364 2260 in
381 2203 498 2260 Christo
520 2201 607 2269 Patri,
623 2207 653 2260 et
668 2202 803 2272 Domino,
819 2205 840 2259 Ι.
863 2201 914 2259 Dei
968 2202 1153 2274 dam,quod,
1182 2205 1212 2257 et
1233 2200 1342 2256 Christi
1367 2200 1548 2273 suffragante
1578 2203 1794 2273 misericordia,

89 2293 186 2368 gratia
205 2298 314 2351 sancta
329 2293 467 2350 Romana
483 2292 619 2350 Ecclesia
633 2308 751 2348 summo
771 2290 913 2364 pontifici,
967 2296 1123 2362 vestroque
1134 2289 1249 2359 merito,
1265 2293 1426 2362 nostroque
1441 2289 1590 2349 laborioso
1603 2292 1703 2348 studio
1720 2309 1794 2365 pre·

91 2387 123 2438 ll.
141 2381 295 2439 Dandqus
310 2381 460 2440 Delmatia
474 2387 562 2455 atque
576 2382 696 2439 Croatia
720 2381 790 2447 dux,
820 2386 916 2437 vester
968 2380 1053 2452 cipue
1068 2395 1126 2452 pra
1141 2379 1253 2436 ceteris
1265 2379 1443 2449 viventibus,
1455 2385 1558 2437 contra
1573 2381 1706 2438 omnium
1730 2383 1796 2455 opi-

88 2472 211 2529 humitis
223 2476 252 2528 st
264 2472 395 2543 devotus,
407 2487 473 2527 cum
490 2469 571 2527 omni
586 2469 913 2527 devotioneservitium.
969 2469 1086 2526 uiouem
1103 2467 1262 2540 perlectum
1273 2473 1328 2525 est.
1339 2467 1432 2542 Capta
1442 2468 1532 2542 igitur
1542 2470 1670 2537 civitate,
1684 2472 1794 2529 multa·

87 2564 197 2618 Notum
213 2561 287 2617 lacio
299 2560 447 2619 sanctitati
463 2564 576 2631 vestrm,
591 2560 681 2632 quod,
707 2576 774 2616 cum
796 2575 913 2616 crucem
968 2575 1025 2632 que
1035 2562 1131 2630 strage
1146 2558 1315 2615 Graecorum
1326 2557 1548 2628 interveniente,
1558 2559 1726 2629 Marcellus,
1743 2563 1794 2635 qui

39 2656 42 2661 '
87 2650 301 2724 assumpserim
313 2668 365 2723 pro
375 2650 571 2707 serviliolesu
583 2649 693 2708 Christi
703 2653 731 2705 et
741 2655 849 2707 sancta
856 2655 914 2708 lto·
968 2655 1038 2704 tunc
1053 2651 1116 2704 erat
1130 2647 1300 2719 imperator,
1316 2663 1384 2703 cum
1399 2648 1463 2703 suis
1479 2650 1658 2721 sequacibus
1674 2651 1710 2707 de
1723 2652 1795 2708 civi-

88 2757 182 2800 mana
197 2740 342 2806 Ecclesia,
358 2746 387 2796 et
400 2740 602 2797 transmeandi
615 2738 711 2813 gratis
726 2739 762 2795 de
785 2738 916 2796 Venetiis
967 2740 1026 2793 tate
1041 2736 1166 2809 aufugit,
1181 2739 1209 2792 et
1223 2735 1387 2792 secuudum
1404 2736 1479 2792 iuter
1494 2753 1547 2794 uos
1562 2736 1707 2812 scriptum
1723 2756 1795 2796 cou-

89 2829 147 2888 ltsr
159 2828 345 2902 arripuerim,
362 2829 538 2885 necessitate
553 2829 695 2901 temporis
711 2826 847 2884 hiemalis
871 2825 916 2882 in·
967 2825 1115 2895 stitutum,
1127 2829 1156 2881 et
1183 2829 1404 2881 sacramentum
1417 2826 1654 2899 adimplevimus.
1678 2828 1795 2903 Cogno·

89 2924 224 2994 gruents,
240 2918 371 2994 oportuit
386 2935 432 2975 me
443 2935 510 2975 cum
523 2917 610 2975 stolio
633 2934 709 2984 meo,
733 2922 762 2974 et
786 2915 914 2989 peregri·
968 2918 1031 2972 scat
1045 2914 1137 2988 igitur
1150 2913 1294 2971 sanctitas
1305 2919 1411 2983 vestra,
1424 2916 1502 2988 quod
1518 2932 1570 2989 ego
1584 2933 1643 2974 uua
1655 2934 1723 2974 cum
1738 2917 1796 2974 Ve-

89 3026 195 3068 norum
210 3009 287 3082 apud
302 3009 437 3065 iaderam
452 3006 592 3073 hiemare,
609 3024 673 3081 qua
687 3023 756 3063 cum
774 3010 852 3063 esset
867 3021 911 3062 re«
969 3009 1036 3062 neto
1052 3002 1170 3076 populo,
1182 3003 1324 3075 quidquid
1342 3004 1476 3075 lecimus,
1492 3007 1528 3062 ad
1541 3004 1683 3064 bonorem
1703 3008 1752 3064 Dei
1768 3011 1798 3066 et

87 3097 175 3156 hellis
192 3098 263 3154 mihi
279 3101 308 3154 et
321 3097 468 3154 veneticis
482 3096 570 3169 longo
585 3100 717 3170 temporo
727 3094 838 3166 injuste
861 3110 913 3168 per
927 3069 951 3135 c
969 3099 1075 3151 sancta
1090 3097 1229 3149 Romane
1240 3092 1373 3150 Ecclesia
1389 3098 1419 3151 et
1432 3100 1563 3151 vestrum
1584 3096 1795 3165 laboravimus,

88 3187 284 3263 proditionem
300 3191 400 3243 contra
413 3184 731 3257 Juramentsprastitn‚
744 3184 780 3240 de
794 3183 913 3240 civitate
965 3189 995 3240 et
1010 3183 1038 3239 in
1051 3187 1153 3240 nostra
1167 3181 1312 3240 voluntati
1326 3183 1470 3240 habemus
1495 3184 1632 3242 similiter
1647 3185 1794 3245 laborare.

88 3283 118 3336 et
131 3277 255 3345 civibus,
273 3277 437 3334 secundum
451 3276 528 3349 quod
546 3274 637 3331 moris
661 3279 707 3331 est
729 3273 856 3330 invicem
882 3287 913 3330 se
967 3272 1059 3341 Unde,
1075 3270 1210 3344 supplico
1226 3271 1375 3328 sanctitati
1393 3277 1506 3341 vestrm,
1523 3278 1670 3346 quatenus
1682 3275 1797 3349 petitio·

90 3367 319 3435 inimicantium,
327 3368 464 3440 juste,ut
491 3363 667 3434 existimavi,
683 3363 798 3437 sumpsi
824 3362 912 3419 ultio·
967 3379 1031 3434 nes,
1047 3378 1122 3434 qous
1139 3359 1233 3417 nuntii
1251 3361 1318 3429 mei,
1335 3360 1389 3417 viri
1406 3361 1517 3420 nobiles
1533 3368 1562 3420 st
1586 3364 1719 3436 discreti,
1736 3366 1795 3423 sci·

91 3473 170 3514 nem.
186 3456 306 3524 Verum,
319 3454 397 3526 quis,
414 3459 446 3511 ut
462 3455 625 3525 dicebatur,
655 3452 684 3510 in
708 3459 806 3510 vestra
833 3453 915 3509 erant
968 3450 1035 3508 licet
1051 3450 1216 3507 leonardus
1233 3450 1430 3521 Naogaiosus,
1447 3451 1576 3508 dilectus
1592 3470 1675 3510 meus
1692 3471 1795 3527 nepos,

91 3547 280 3619 protectione,
301 3545 380 3618 quod
400 3544 465 3601 ideo
490 3559 548 3600 nou
573 3543 741 3610 credebant,
758 3541 828 3614 quia
855 3557 913 3598 nou
967 3545 996 3597 et
1011 3540 1142 3597 Andreas
1157 3540 1193 3596 de
1208 3539 1307 3596 ttuliu.
1325 3556 1402 3610 quos
1413 3541 1447 3597 ad
1463 3542 1553 3614 pedes
1568 3547 1670 3599 vestre
1685 3545 1795 3600 saucti-

90 3635 231 3692 existimo
253 3650 315 3703 vos,
331 3650 384 3690 nec
401 3637 604 3690 antecessores
621 3634 744 3700 vestros,
768 3629 836 3687 iilos
859 3630 914 3687 sub
967 3629 1038 3686 tatis
1067 3629 1311 3698 transmittimus,
1337 3629 1470 3699 iecerint,
1500 3629 1628 3704 benigne
1655 3633 1796 3690 exaudire

90 3724 268 3798 protectione
284 3723 413 3796 recipere
428 3721 479 3796 qui
499 3737 616 3779 crucem
633 3720 784 3794 accipiunt
797 3724 915 3776 tautum
968 3719 1107 3792 dignetur
1118 3724 1213 3777 vestra
1228 3719 1371 3777 sanctitas
1381 3725 1411 3777 st
1424 3721 1539 3779 cilsctui
1554 3723 1733 3795 mancipare.

92 3819 124 3870 ut
139 3828 205 3870 eam
222 3816 348 3885 portent,
366 3828 422 3868 uon
440 3812 527 3867 stiam
545 3810 602 3866 iter
616 3809 782 3882 perficiant,
798 3813 916 3880 propter
1250 3837 1334 3895 cem
1355 3837 1506 3909 (δίῃ-590)Ι

22 3913 25 3917 .
90 3901 168 3976 quod
184 3899 559 3974 peregrinisolentorucem
572 3896 917 4000 acciperc,sedotaliena
969 3937 1114 3980 „mmm
1128 3939 1162 3978 n.
1175 3939 1338 3993 mmm,
1359 3939 1541 3988 mmmm
1561 3941 1702 3996 cums,
1718 3944 1796 3984 m„

92 3991 254 4061 inveniunt,
270 3996 300 4047 et
314 3990 423 4060 injuste
441 3989 604 4060 detineant,
620 3991 791 4060 paternitati
816 3990 915 4042 vestra
1129 4027 1411 4069 mmmmm„
1425 4031 1635 4071 mmmm

92 4087 195 4140 ⁰⁰⁰²st
211 4097 267 4151 ‘¹¹⁰⁹
283 4079 447 4138 ⁸²V⁰⁰⁶²⁰⁸
477 4078 656 4136 mmmm
678 4074 916 4133 ²¹⁰⁰m¹¹¹⁰¹¹i⁰⁸‘
969 4104 1093 4159 latetur
1106 4103 1141 4158 de
1163 4099 1253 4157 reditu
1272 4102 1403 4159 Ecclesia
1425 4101 1739 4175 Constantinopolitanae
1762 4106 1800 4162 od

93 4173 183 4229 tionis
201 4169 313 4244 placuit
327 4169 624 4243 promulgars‚quam
645 4167 791 4240 patienter
817 4170 847 4222 et
861 4165 917 4221 bu·
1006 4174 1190 4230 obedientiam
1217 4175 1377 4244 apostolica
1400 4174 1483 4238 sedis,
1509 4184 1534 4230 et
1558 4175 1718 4232 electionem
1742 4182 1797 4233 Po·

91 4263 199 4321 militer
214 4259 424 4328 sustinuimus,
437 4274 590 4332 usquequo
607 4273 658 4329 per
673 4256 830 4313 Dominum
846 4254 918 4312 pli.
1005 4244 1264 4327 triorrlaenbuipcis
1280 4247 1384 4328 suctum
1407 4244 1556 4330 decernens
1580 4249 1693 4304 irritam
1717 4266 1795 4305 cum·

90 4353 145 4409 tuli
158 4351 255 4408 Sancti
281 4349 416 4406 ldorcelie
439 4347 641 4421 presbyterum
667 4344 858 4412 cardinalem,
887 4349 917 4400 et
1005 4317 1518 4388 mmmm⁰9⁰⁸²⁰¹¹⁶W¹l¹ss
1648 4409 1665 4420 ..

90 4419 959 4510 sauctmltomanseEcclesirelegatum,prnstitscondignaI)
1079 4406 1174 4479 (Apud
1189 4409 1217 4462 Β·
1235 4410 1364 4473 ¹³⁶¹l¹¹ffl2
1384 4423 1424 4462 ¹¹¹
1440 4407 1501 4463 5⁸¹·
1516 4407 1689 4481 Februarii.)

90 4530 302 4600 satisfactione,
320 4527 483 4586 meruimus
493 4525 799 4596 absolutionem,sicut
809 4540 916 4581 secun·
1006 4522 1180 4595 Evangeiica
1195 4523 1318 4578 docente
1332 4522 1493 4596 Scriptura,
1518 4522 1689 4596 didicimus,
1718 4528 1796 4598 quod

92 4619 163 4675 dum
179 4618 395 4675 ordinationem
411 4624 574 4673 vestrorum
592 4615 775 4684 nuntiorum,
786 4618 815 4671 et
842 4612 916 4670 sori·
970 4609 1270 4668 ascendeusiesusin
1283 4627 1373 4667 unam
1384 4628 1499 4679 navem,
1511 4629 1575 4685 quae
1586 4614 1796 4685 eratSimonis,

91 4713 210 4783 plorum
225 4708 363 4781 paginam
378 4710 481 4762 vostra
492 4703 600 4777 poterit
627 4703 777 4762 sanctitati
807 4703 916 4760 clarius
970 4700 1083 4772 rogavit
1098 4716 1160 4756 eam
1177 4700 1318 4756 reducere
1332 4705 1439 4758 eterra
1465 4701 1619 4774 pusillum,
1635 4707 1665 4758 ot
1690 4704 1797 4760 sedens

90 4797 284 4855 innotescere.
299 4795 530 4869 superveniente
543 4798 639 4850 autem
655 4792 852 4865 inspiratione
871 4791 915 4848 di·
971 4788 1095 4845 docebat
1110 4790 1145 4844 de
1161 4788 1297 4845 navicula
1312 4790 1425 4846 turbas.
1442 4792 1523 4848 Sicut
1538 4808 1589 4864 per
1604 4808 1685 4848 mure
1703 4809 1796 4849 saco·

90 4888 169 4960 vina,
185 4887 281 4960 magis
297 4903 384 4960 quam
403 4885 543 4955 humano,
557 4887 590 4939 ut
601 4883 769 4956 opinamur,
780 4883 918 4955 consilio,
971 4878 1044 4947 lum,
1060 4877 1102 4934 ita
1118 4894 1283 4951 peruavem
1299 4879 1436 4948 Ecclesia,
1452 4885 1480 4936 et
1496 4897 1546 4952 per
1561 4885 1620 4936 rste
1631 4881 1797 4953 pradicatio

90 4976 268 5047 Alexiodlio
279 4976 430 5050 quondam
442 4973 548 5031 isachii
566 4972 753 5045 imperatoris
773 4973 918 5032 Constau-
971 4969 1145 5041 designatur
1161 4967 1344 5040 .Naviserpo
1355 4969 1482 5025 Simonis
1497 4979 1542 5026 ost
1557 4968 1686 5026 Ecclesit
1707 4970 1798 5038 Petri,

90 5066 381 5141 tinopolitani,euudi
393 5064 423 5121 iu
434 5063 606 5121 Romaniano
623 5062 879 5135 lterarripuimus,
890 5067 919 5120 et
972 5077 1036 5134 que
1053 5057 1234 5116 benedicitur
1249 5074 1318 5122 unu,
1334 5059 1402 5132 quia
1419 5058 1560 5117 catholico
1589 5058 1720 5116 Ecclesia
1739 5079 1798 5118 una

92 5157 204 5230 ipsum,
220 5155 297 5213 sicut
312 5155 436 5212 Domino
447 5152 570 5227 placuit,
587 5150 715 5222 prestita
736 5152 772 5208 ab
787 5169 821 5208 eo
850 5169 915 5208 cau·
972 5155 1027 5215 est,
1039 5165 1127 5221 quam
1141 5146 1275 5204 Christus
1290 5148 1439 5203 commisit
1466 5150 1552 5203 Petro
1579 5150 1749 5222 regendum,
1766 5157 1799 5208 ut

92 5246 173 5303 tione
187 5246 223 5302 de
238 5244 404 5302 obedientia
421 5247 529 5299 sancte
545 5241 682 5297 Romana
698 5239 843 5312 Ecclesia,
867 5257 918 5298 ex·
973 5239 1071 5295 unitas
1087 5237 1262 5294 divisionem
1278 5237 1423 5292 excludat.
1441 5237 1578 5294 Ascendit
1596 5243 1694 5296 sutem
1709 5239 1797 5298 Jesos

129 5403 207 5476 (588)
224 5401 388 5477 llpistolam
405 5400 481 5458 beno
496 5398 612 5457 exbibet
633 5396 813 5472 Rayaaldus,
829 5400 864 5457 ad
882 5415 919 5456 aa
973 5399 1004 5456 in
1019 5399 1114 5456 (iestis
1130 5397 1429 5481 Innocentii,§acv1;
1445 5399 1676 5471 sedpertinetnd
1688 5400 1796 5484 episto·

97 5476 192 5546 ¹2⁰⁵&
206 5477 234 5530 2.
974 5471 1031 5526 lam
1047 5476 1217 5542 sequentem
1229 5469 1292 5536 204,
1307 5471 1357 5525 ubr
1374 5469 1477 5526 eadem
1489 5471 1588 5544 verbo,
1603 5487 1665 5544 qua
1682 5472 1730 5529 bro
1742 5492 1794 5532 uu·

130 5547 273 5621 (esu-590)
290 5544 424 5620 Epistola
438 5545 527 5617 hujus
540 5544 735 5616 fragmentum
750 5539 848 5616 legere
874 5534 920 5602 sn
973 5543 1017 5602 cis
1031 5542 1146 5600 iuolusa
1159 5549 1240 5614 suut,
1256 5546 1439 5614 repetuntur.
