3780 6000
43 192 44 207 '
114 214 168 272 iss
615 205 1325 272 rorrrmcarusaaaov1‚caa1sr1reos.
1773 200 1823 260 111

114 338 186 395 Mat
193 337 260 395 etin
270 336 475 411 superioribus
484 339 601 393 utuntur
609 332 797 390 matrimonio
806 333 871 403 tam
879 346 945 386 con·
959 329 987 395 Α
1004 328 1082 383 maci
1094 330 1210 400 generis
1220 328 1434 403 Redemptorie,
1446 345 1522 385 anno
1532 328 1568 385 ab
1579 327 1674 402 ipsius
1686 327 1823 387 incarna-

113 434 227 497 tracto;
243 427 422 500 [monetati
436 434 489 483 tusa
503 442 554 499 per
566 424 726 498 apostolice
737 422 841 496 scripto
855 435 941 477 man·
1002 416 1081 473 tione
1092 418 1283 487 1203,domini
1293 419 1618 491 veroinnocentiipspe
1628 419 1666 474 iil
1678 434 1825 477 annosex·

115 519 237 586 damus,
252 522 410 592 quatenus,
426 516 483 573 nisi
500 533 552 589 pro
567 531 601 572 eo
629 514 706 587 quod
732 512 809 570 inter
835 511 943 568 latinos
999 507 1036 560 to.
1051 505 1121 574 Nos,
1131 506 1243 580 priores
1254 507 1372 566 iliorum
1381 507 1545 576 hominum,
1556 507 1606 580 qui
1615 507 1824 564 hactenussin·

114 610 206 666 Gracci
218 608 393 682 hujusmodi
403 611 616 665 conversantur
626 601 942 678 regionisconsuetudo
997 590 1140 664 gulariiet
1154 594 1313 653 Christiani
1326 597 1456 655 nominis
1467 596 1657 670 prerogativa
1666 596 1761 653 vocati
1772 612 1824 653 su-

113 704 273 772 repugnet,
289 699 314 756 si
330 697 412 755 aliud
425 697 500 770 (316)
516 713 576 754 non
596 694 718 764 obsistit,
732 695 770 751 ad
785 694 942 750 confirma-
998 684 1102 741 musin
1113 686 1519 756 territorioiiosna,omnium
1529 688 1592 745 vico
1603 686 1823 760 constituti,pro

113 789 227 846 tionem
244 787 534 847 &compressionem
545 786 675 859 ejusdem
685 782 943 843 memmimu-
998 775 1137 833 omnibus
1152 777 1209 855 qui.
1219 794 1309 852 supra
1324 779 1360 836 ds
1371 783 1473 836 nostra
1484 779 1622 836 societate
1633 776 1824 835 fraternitatis

113 878 259 936 bitatione
275 877 428 952 procedas.

146 967 259 1025 Datum
276 967 436 1034 Ferentini,
452 966 531 1023 Nou.
545 964 738 1036 Septembris.

451 1055 521 1114 CXL
535 1055 610 1128 (317)

202 1162 512 1205 umenecessitatis
532 1162 633 1202 CABBM·
648 1162 687 1201 Λῦ
702 1160 730 1201 D.
746 1159 853 1200 eseam.

998 864 1027 919 in
1035 866 1192 938 prasentia
1200 867 1381 925 dominiJ...
1390 869 1426 926 de
1436 869 1550 926 Caeam.
1562 866 1710 942 Capeliani
1720 868 1825 926 summi

1000 955 1148 1027 pontificis
1163 962 1193 1015 et
1206 961 1346 1016 Romana
1361 958 1507 1025 Ecclesia,
1523 959 1552 1015 in
1582 959 1679 1016 Bosna
1707 961 1825 1031 proptor

999 1044 1192 1119 bocdclegati,
1204 1052 1488 1122 prasentepatrono,
1496 1049 1575 1107 Bano
1583 1046 1822 1117 Cuiino,domiuo

999 1134 1112 1206 ticenae,
1120 1137 1322 1210 promittimus
1333 1138 1499 1196 coracho
1509 1143 1538 1195 et
1548 1138 1659 1196 sanctis
1668 1138 1734 1210 etue
1744 1140 1823 1194 stare

114 1235 259 1292 fictionem
270 1236 369 1293 reddit
383 1233 531 1307 kpotioais
552 1247 614 1292 eus
632 1234 664 1289 in
690 1248 808 1305 requam
833 1231 944 1288 Bostare
1002 1223 1180 1282 ordinationi
1200 1231 1229 1284 et
1243 1228 1391 1285 mandatis
1406 1231 1516 1285 sanctes
1526 1227 1663 1284 itomanc
1676 1225 1821 1294 Ecclesia,

145 1308 219 1379 {osii
229 1323 295 1364 “tm
307 1309 454 1365 “fitium
466 1305 499 1362 ‘1⁶
524 1307 674 1361 ‘institit‘
700 1304 819 1371 Sibiit'ae·
847 1304 944 1359 ΜΝ
999 1317 1057 1370 tam
1073 1315 1110 1372 de
1118 1315 1178 1371 vita
1192 1320 1221 1373 ct
1233 1317 1454 1374 conversatione
1470 1321 1582 1383 nostra,
1607 1331 1698 1388 quam
1726 1315 1821 1388 ipsius

144 1378 323 1438 Praeeastcti
337 1376 652 1449 constantinopolitani,
670 1377 801 1449 proponit
813 1379 846 1430 ot
860 1389 943 1432 corvos

145 1453 324 1524 episcopatus
338 1460 414 1509 creet
427 1454 453 1507 et
466 1449 585 1508 ordinet.

147 1540 299 1608 [tractato
315 1539 432 1613 negotio
445 1538 564 1595 iiiorum
575 1537 726 1611 quondam
740 1534 942 1593 Patarinorum

114 1628 140 1682 in
154 1633 266 1692 Βοειιι.
275 1629 354 1685 siout
360 1627 541 1701 jampridem
551 1625 655 1699 scripsi
668 1623 816 1682 sanctitati
827 1628 939 1689 vestras,

115 1716 152 1772 fni
168 1717 199 1773 in
211 1717 347 1791 [ingeris
361 1714 523 1789 aliquantis
539 1714 643 1772 diebus
653 1729 689 1770 ex
702 1712 851 1771 voluntate
862 1712 942 1785 regia

116 1805 234 1863 interim
250 1811 353 1863 sutem
368 1804 465 1862 nuntii
480 1803 560 1862 iilius
572 1802 673 1876 magni
687 1803 742 1859 viri
755 1801 942 1874 calojoannis

114 1899 259 1952 mnernnt
273 1894 311 1951 ad
326 1910 436 1968 regern,
447 1909 515 1950 cum
527 1893 636 1965 quibus
648 1892 789 1964 [ieossducc
799 1908 884 1966 spero
895 1907 942 1950 me

46 1984 54 2043 ¹.
111 1985 147 2041 ire
162 1985 202 2042 ad
220 1985 336 2058 ipsum,
352 1988 382 2041 et
395 1982 665 2040 christianissimus
680 1999 730 2039 rea
745 1981 814 2039 fecit
827 1999 878 2039 eos
890 1998 940 2039 sn·

112 2089 158 2146 per
172 2072 340 2147 Evangelia
349 2074 452 2147 jurare
466 2073 496 2129 iu
508 2071 631 2130 ecclesia
643 2087 742 2129 coram
754 2070 850 2143 atteri,
861 2072 939 2145 quod

111 2179 152 2221 ma
166 2179 317 2223 securum
328 2164 463 2238 nequead
473 2162 658 2236 praesentiam
669 2163 939 2235 eiusdeducerent.]

108 2252 231 2310 mnfido
246 2257 348 2310 autem
363 2253 395 2309 in
410 2252 535 2310 Domino
550 2252 628 2325 quod
644 2251 779 2325 sequenti
789 2250 847 2322 die,
859 2252 938 2325 quod

48 2308 54 2377 i
109 2343 286 2401 eritfestnm
297 2341 535 2412 Beatitiarnaba‚
547 2339 725 2414 incipiemus
745 2341 811 2414 iter,
831 2340 939 2401 vestris

49 2442 52 2447 '
110 2447 157 2490 nos
167 2431 361 2490 orationibus
376 2430 588 2490 comitantibus
597 2434 627 2488 et
641 2431 840 2504 subsequente
850 2431 938 2489 bene·

110 2523 248 2582 dictione.
266 2522 380 2580 Dicitur
392 2538 490 2580 verna
519 2521 621 2580 multia
648 2525 677 2580 at
705 2523 741 2579 ab
769 2522 835 2596 ipso
859 2539 938 2597 rege,

50 2622 54 2701 j
110 2611 767 2685 qnoddsvctionemhabeatiileaditomansm
777 2610 937 2672 Ecclesiam

50 2708 54 2737 ¹
110 2708 133 2759 et
145 2701 198 2759 isti
214 2701 270 2775 qui
281 2717 398 2760 mecum
414 2706 496 2774 sunt,
512 2701 598 2759 modo
613 2700 737 2758 firmiter
751 2706 889 2759 asserunt
909 2709 939 2760 et
1026 2749 1032 2762 .

112 2792 274 2849 abir-mant.
290 2792 384 2861 Unda,
399 2790 494 2865 recepi
511 2790 711 2862 securitatem,
728 2791 817 2863 quod,
846 2790 872 2849 si
885 2808 937 2850 vc·

109 2880 195 2938 inerit
209 2880 330 2937 mittere
345 2879 517 2938 nuntiusad
533 2879 722 2936 sanctitatem
737 2882 877 2947 vestram,
906 2880 937 2938 in
1010 2928 1016 2941 .

109 2970 204 3026 eundo
219 2973 252 3026 et
266 2968 417 3027 meando
432 2968 546 3027 nullam
562 2985 614 3043 per
628 2973 722 3027 totum
737 2985 862 3043 regnum
878 2969 937 3028 Un-

108 3058 195 3131 garias
210 3063 242 3116 et
254 3057 392 3115 amicitia
406 3058 502 3132 ipsius
515 3064 546 3116 et
559 3059 715 3133 parenteia
726 3058 875 3117 lesionem
885 3077 933 3134 ps·
949 3074 975 3146 α
996 3108 1015 3166 H

107 3148 230 3204 tientnr.
253 3146 410 3221 [Noverssie
425 3152 574 3220 praterea,
589 3148 668 3222 quod
697 3146 728 3204 in
756 3164 846 3222 regno
863 3149 935 3206 Rani

105 3237 205 3294 culini
219 3237 258 3295 ds
274 3241 381 3309 Boane,
397 3253 455 3296 non
471 3242 517 3295 est
531 3238 589 3296 nisi
604 3254 682 3296 nnus
695 3238 895 3312 episcopatus,
907 3246 937 3298 et

105 3330 269 3403 episcopua
284 3329 373 3386 modo
388 3333 523 3386 mortuns
537 3333 591 3386 est.
608 3328 636 3384 Si
660 3333 759 3401 posset
777 3330 840 3386 fieri
855 3332 934 3403 quod

103 3418 219 3492 aliquis
233 3417 348 3475 latinns
362 3418 403 3475 ibi
418 3424 587 3491 poneretur,
610 3423 640 3476 et
667 3419 759 3492 aiiqui
783 3420 871 3478 etiam
896 3421 937 3477 ibi

104 3507 230 3565 tresvei
246 3510 374 3580 quatuor
394 3512 564 3566 crearentur
592 3507 670 3577 novi,
699 3525 757 3566 non
788 3510 937 3569 modicum

103 3597 216 3654 exinde
230 3595 353 3655 utilitati
368 3602 545 3655 accresceret
560 3597 775 3666 ecclesiasticae,
796 3599 866 3671 quis
889 3614 937 3656 ro·

104 3703 204 3761 gnum
217 3692 266 3744 est
277 3686 373 3761 ipsius
385 3687 420 3744 ad
433 3687 532 3744 minus
542 3686 697 3744 dictarum
711 3689 848 3746 decernet
858 3689 936 3763 plus.

106 3776 152 3832 ad
169 3774 239 3843 hoo,
255 3776 330 3833 aciat
344 3776 487 3834 sanctitas
502 3781 609 3845 vestra,
626 3778 704 3850 quod
733 3778 842 3836 nobilis
871 3795 939 3836 mu-

103 3864 174 3935 iier,
184 3863 299 3932 Sibilia,
316 3881 389 3923 uxor
403 3868 553 3940 quondam
566 3867 718 3940 potestatis
729 3868 937 3926 Constantino·

102 3953 244 4028 potitant,
261 3953 292 4010 in
307 3954 413 4011 ultima
427 3953 578 4013 voluntate
592 3956 629 4013 da
643 3956 711 4013 dote
725 3972 780 4013 ena
808 3956 936 4030 legatum

105 4042 375 4116 reliqnititomana
385 4042 545 4117 Ecclesia]
555 4043 628 4101 dicit
638 4045 759 4118 quidam
775 4046 936 4120 presbyter,

103 4148 197 4205 qnam
207 4131 307 4189 inveni
321 4132 352 4189 in
363 4132 502 4206 Ungaria,
512 4134 618 4207 viginti
629 4134 722 4192 miilia
733 4150 935 4209 perparorum,

103 4225 187 4300 qnod
202 4240 306 4282 rernm
320 4224 446 4296 udatur,
463 4224 534 4298 quis
548 4226 613 4299 ipsa
633 4226 751 4300 proprio
780 4243 834 4285 suo
863 4227 936 4284 mihi

102 4315 211 4374 retulit
223 4330 286 4387 ore,
300 4316 380 4389 quod
395 4319 487 4374 totam
502 4316 601 4374 dotem
618 4333 702 4374 susm
718 4316 833 4374 volabat
853 4317 936 4376 vobis

101 4402 284 4462 etiicclesias
292 4403 433 4462 Romanas
447 4403 592 4479 delegans
602 4406 679 4479 quod
693 4406 802 4464 idcirco
821 4405 935 4481 signifi·

101 4494 234 4551 undum
248 4492 330 4557 duxi,
346 4497 391 4561 nt,
406 4493 432 4550 si
455 4494 580 4566 contigit
605 4495 676 4554 illuc
707 4495 823 4553 mittere
851 4496 933 4570 iega-

102 4589 183 4655 tum,
197 4586 228 4640 et
240 4581 349 4639 viderit
363 4583 511 4656 expedire,
527 4584 642 4656 debeat,
653 4587 750 4643 vestra
761 4586 933 4646 auctoritate

103 4673 209 4744 fuitus,
225 4670 377 4746 requirere
390 4675 419 4729 et
430 4671 554 4729 viriiiter
567 4677 709 4747 repetere.

426 4761 509 4818 cxci
524 4762 611 4836 (318).

106 4852 328 4932 ῙΜῙΝΜΜ
362 4864 416 4920 fuo
453 4852 561 4907 Bossia
598 4853 726 4910 monachi
762 4853 935 4910 schismatici

139 4925 310 5052 mussat
336 4936 448 4977 more
474 4924 689 4982 constitutiones
718 4925 849 4984 ticciesiae
881 4927 933 4982 itc-

268 5079 314 5153 (iu
329 5078 429 5137 insula
453 5080 553 5155 Regia,
570 5099 591 5139 ιι
605 5083 668 5140 itai.
680 5083 773 5155 Maii.)

138 5168 320 5244 [innomine
336 5168 385 5226 Dei
400 5169 514 5240 sturm,
528 5170 674 5232 creatoris
684 5172 830 5244 omnium,
842 5177 871 5230 et
881 5172 933 5231 hu·

103 5275 270 5334 nabataei
283 5276 446 5331 statuatur
463 5290 517 5347 pro
546 5283 672 5351 suatur,
701 5283 731 5337 et
758 5296 818 5338 om.
846 5280 932 5338 verba

104 5352 161 5419 [rat
177 5388 198 5404 ..
211 5348 331 5419 πῆμα.

139 5420 205 5487 (sto
234 5415 376 5476 morsui.
392 5417 461 5475 add.
476 5420 653 5493 mausueta,
668 5421 745 5480 infra
759 5421 863 5495 legunt
885 5422 932 5484 ob·

107 5420 254 5635 m7÷m
268 5488 391 5559 omui,
405 5493 435 5549 et
449 5490 569 5550 verbum
583 5494 707 5551 materie
720 5495 873 5552 omittunt.

140 5562 185 5637 (31
233 5560 411 5635 Fragmenta
424 5559 652 5638 fsuusspietota
663 5562 932 5639 miseritttapnsl·

998 1402 1198 1461 obsecundare
1212 1404 1385 1463 obedieutiae
1399 1410 1428 1462 et
1444 1405 1539 1463 vivere
1561 1404 1717 1475 institutis,
1747 1402 1822 1461 obii-

997 1495 1218 1565 gantesnospro
1228 1493 1503 1567 omnibusquisunt
1517 1495 1554 1550 de
1569 1497 1669 1550 costra
1684 1491 1823 1550 societate

998 1585 1028 1637 ot
1038 1580 1209 1640 iocanostra
1219 1599 1285 1640 cum
1296 1583 1536 1657 possessionibus
1544 1586 1573 1639 et
1583 1582 1672 1639 rebus
1682 1580 1821 1637 omnibus

955 1697 983 1765 B
998 1668 1023 1726 si
1038 1669 1137 1744 atiquo
1149 1675 1280 1744 tempore
1289 1670 1426 1744 deinceps
1437 1670 1538 1728 sectati
1550 1670 1692 1726 fuerimus
1704 1666 1821 1725 hereti·

996 1757 1820 1836 campravitatem.1nprimis,abrenuntiamusechismati

996 1849 1206 1921 quoducimur
1234 1851 1381 1924 infamati,
1410 1856 1439 1908 et
1462 1852 1621 1907 itomanam
1651 1847 1821 1916 iiccfeeiam,

995 1943 1120 1997 matram
1131 1944 1373 2014 nostram,caput
1383 1940 1473 1998 totius
1484 1939 1688 1998 ecclesiasticas
1699 1936 1821 1995 unitatis

995 2029 1235 2102 recognoscimus
1247 2029 1267 2104 ;}
1278 2035 1308 2088 et
1323 2031 1353 2087 in
1368 2030 1508 2087 omnibus
1524 2029 1596 2087 iocis
1624 2027 1745 2095 nostris,
1770 2024 1821 2082 ubi

995 2115 1120 2175 fratrum
1143 2122 1304 2176 conventus
1334 2123 1546 2187 commoratur,
1575 2117 1703 2175 oratoria
1729 2115 1821 2174 habe·

995 2204 1103 2276 bimus,
1120 2207 1274 2281 inquibus
1289 2209 1396 2267 fratres
1411 2210 1447 2266 de
1462 2214 1547 2265 nocte
1562 2208 1598 2264 ad
1609 2204 1781 2270 tfatutinas,
1791 2210 1822 2262 st

994 2295 1099 2355 diebus
1115 2299 1151 2356 ad
1162 2298 1255 2358 Horas
1265 2300 1427 2358 cantandas
1438 2298 1555 2374 publice
1569 2296 1821 2356 simulconvsnia·

994 2403 1072 2447 mus.
1085 2389 1117 2445 iu
1129 2388 1268 2446 omuibus
1277 2394 1377 2448 autem
1388 2389 1521 2447 ecclesiis
1532 2385 1821 2445 habebimuseltaria

993 2481 1022 2534 ei
1036 2493 1149 2548 erucem
1160 2478 1253 2537 libros
1262 2495 1330 2537 vero
1340 2484 1401 2550 tam
1413 2478 1484 2536 Novi
1497 2494 1586 2552 quam
1597 2477 1710 2536 Veteris
1722 2477 1821 2533 Testa·

994 2567 1095 2637 menti,
1112 2568 1269 2626 sicutfacit
1283 2569 1413 2627 Ecclesia
1433 2569 1576 2636 Romana,
1599 2567 1742 2640 legemus.
1767 2568 1821 2622 Per
1886 2588 1889 2593 ·

993 2657 1110 2732 singula
1125 2659 1189 2717 locs
1204 2664 1305 2718 nostra
1319 2660 1495 2718 babebimus
1510 2661 1686 2728 sacerdotes,
1703 2657 1753 2731 qui
1766 2656 1820 2714 Do·

994 2749 1817 2808 manicisetfeativisdiebussdminusmissassecundum

994 2838 1128 2896 ordinem
1143 2838 1376 2898 ecclesiasticum
1391 2839 1517 2897 debeant
1530 2838 1689 2906 celebrare,
1704 2836 1818 2894 confes·

992 2945 1092 2987 srones
1108 2929 1210 2986 audire
1224 2934 1254 2987 et
1267 2930 1454 3002 paenitentias
1484 2930 1624 2987 tribuere.
1650 2926 1819 2985 cmmeteris

993 3018 1170 3077 habebimus
1181 3021 1268 3093 juxta
1281 3021 1419 3090 oratoria,
1436 3019 1467 3077 in
1483 3019 1592 3093 quibus
1616 3020 1721 3076 fratres
1735 3032 1819 3091 sape·

1018 3113 1116 3178 antur,
1132 3113 1163 3168 et
1173 3111 1375 3179 adventantes,
1386 3111 1411 3167 si
1422 3124 1491 3167 cusu
1503 3109 1544 3167 ibi
1555 3108 1691 3166 obierint.
1705 3106 1819 3182 Septies

988 3198 1019 3257 fn
1028 3200 1147 3257 ennead
1159 3199 1259 3256 minus
1268 3215 1376 3272 corpus
1385 3199 1502 3256 Domini
1511 3199 1547 3256 de
1558 3215 1645 3255 manu
1656 3196 1819 3254 sacerdotis

990 3287 1181 3362 accipiemus,
1197 3288 1309 3346 scilicet
1319 3289 1347 3344 in
1358 3288 1454 3347 Natali
1468 3286 1597 3359 Domini,
1608 3284 1732 3354 Pascha,
1742 3288 1818 3342 Pen-

990 3381 1109 3447 tecoste,
1120 3377 1216 3435 Natali
1232 3376 1435 3450 apostolorum
1452 3376 1525 3433 Petri
1540 3380 1569 3433 et
1584 3374 1674 3443 Pauli,
1691 3375 1816 3432 Assum·

989 3467 1091 3540 ptione
1105 3465 1235 3541 Virginis
1247 3467 1353 3536 itariae,
1364 3465 1522 3523 Nativitate
1536 3465 1680 3538 ejusdem,
1710 3468 1740 3521 et
1752 3479 1816 3521 om·

990 3554 1073 3611 nium
1088 3558 1258 3612 sanctorum
1274 3553 1564 3623 commemoratione,
1579 3570 1642 3627 qua
1653 3551 1818 3610 celebratur

989 3641 1019 3699 in
1036 3641 1173 3700 Kalendis
1187 3641 1369 3701 Novembris.
1386 3641 1502 3713 JaJunia
1517 3641 1677 3699 constituta
1699 3639 1735 3697 ab
1763 3639 1816 3696 Fc-

990 3732 1080 3790 ciesia
1094 3732 1329 3801 observabimus,
1345 3736 1374 3789 et
1388 3748 1423 3789 ea
1437 3748 1501 3805 qua
1516 3731 1644 3803 majores
1659 3729 1752 3787 nostri
1764 3744 1815 3801 po·

988 3822 1054 3880 vida
1069 3827 1279 3897 preceperunt,
1294 3822 1506 3880 custodiemus.
1523 3821 1649 3879 Femina
1659 3836 1738 3891 vero,
1751 3834 1815 3891 quas

990 3913 1026 3970 de
1038 3920 1138 3970 nostra
1152 3916 1241 3970 eruut
1255 3911 1405 3986 religione,
1419 3928 1437 3968 a
1460 3911 1531 3969 viris
1547 3914 1687 3985 separetis
1716 3911 1813 3978 arunt,

989 4005 1051 4059 tam
1066 4002 1096 4058 in
1112 4000 1293 4059 dormitoriis
1310 4017 1400 4074 quam
1413 3999 1583 4069 refectoriis,
1600 4003 1629 4057 et
1644 3997 1743 4056 nulius
1759 3997 1816 4055 fru-

989 4096 1068 4149 trum
1083 4091 1166 4149 scius
1179 4108 1248 4148 cum
1263 4090 1327 4148 eois
1341 4090 1588 4158 confabulabitur,
1614 4089 1692 4146 unde
1720 4087 1814 4162 possit

988 4179 1251 4253 sinistraisuspicio
1266 4178 1405 4238 suboriri.
1420 4184 1520 4254 Neque
1534 4180 1570 4236 de
1580 4182 1684 4236 cetero
1694 4175 1814 4249 recipio·

989 4271 1207 4346 musaliquem,
1222 4270 1266 4329 vel
1280 4271 1412 4343 aliquam
1428 4272 1625 4344 conjugatam,
1641 4268 1700 4327 nisi
1709 4271 1813 4326 mutuo

988 4379 1145 4431 consensu,
1156 4362 1339 4419 continentia
1353 4360 1511 4436 promissa,
1525 4362 1612 4418 anibo
1623 4359 1733 4434 pariter
1746 4374 1813 4417 con·

949 4447 973 4514 ii
988 4458 1151 4511 vertantur.
1162 4451 1347 4511 festivitates
1361 4455 1460 4509 autem
1475 4455 1645 4511 sanctorum
1661 4466 1678 4507 a
1701 4448 1812 4507 sanctis

989 4538 1812 4613 Patribusordinatascelebrabimus,etnuliumdeinceps

987 4649 1022 4692 ex
1037 4637 1116 4691 certa
1131 4632 1254 4691 scientia
1265 4630 1467 4699 Manicheum,
1479 4631 1523 4688 vsi
1535 4629 1625 4688 alium
1641 4628 1809 4687 hereticum

987 4726 1023 4782 ad
1044 4725 1239 4782 habitandum
1267 4721 1421 4780 nobiscum
1450 4721 1636 4795 recipiemus.
1664 4720 1709 4789 at,
1734 4718 1812 4778 sicut

987 4815 1202 4889 separamursb
1210 4813 1275 4871 eiiie
1285 4813 1476 4872 secutaribus
1486 4813 1582 4870 sitast
1590 4809 1810 4870 conversatione

987 4905 1029 4964 ita
1043 4905 1132 4963 etiam
1148 4902 1251 4961 habitu
1262 4918 1451 4961 secernemur
1464 4902 1723 4972 vestimentorum
1745 4914 1809 4972 ques

987 4995 1164 5053 vestimenta
1177 4996 1264 5050 erunt
1278 4992 1391 5060 clausa,
1405 5008 1464 5049 non
1487 4990 1628 5062 colorata,
1655 5003 1750 5062 usque
1774 4987 1809 5044 ad

989 5085 1065 5142 talos
1081 5085 1260 5153 mensurata,
1272 5081 1331 5138 Nos
1346 5084 1445 5138 antam
1460 5080 1496 5138 de
1510 5084 1625 5151 cetero,
1640 5096 1700 5137 non
1729 5075 1811 5135 (ibri-

988 5174 1115 5243 stianos‚
1130 5173 1207 5231 sicut
1221 5171 1375 5242 hactenus,
1388 5171 1439 5228 sed
1455 5171 1560 5229 fratres
1575 5186 1629 5228 nos
1644 5164 1811 5226 nominabi-

988 5284 1055 5351 dus,
1070 5282 1106 5339 ad
1121 5296 1233 5337 annum
1248 5279 1329 5348 tuus,
1346 5280 1419 5349 §22-
1436 5279 1590 5350 Qusapud
1600 5276 1812 5350 ipsumlcgun·

987 5360 1047 5423 tur,
1063 5353 1111 5411 hio
1126 5351 1210 5410 uncis
1225 5350 1341 5407 inclusa
1354 5354 1435 5407 sunt.

1035 5425 1088 5482 318
1115 5425 1169 5482 Fre
1191 5426 1324 5480 mentum
1339 5420 1433 5507 edidit
1447 5420 1628 5495 Raynaldus,
1643 5420 1680 5504 ad
1697 5432 1809 5501 annuus

989 5426 1069 5568 febo,
1084 5425 1153 5567 323.
1169 5441 1237 5562 gua
1253 5494 1331 5568 apud
1345 5509 1445 5568 ipsum
1468 5493 1619 5567 leguntur,
1647 5490 1696 5549 ius
1723 5500 1810 5548 uaeas

987 5565 1103 5627 instans
1116 5571 1198 5629 aaut
