3780 6000
49 244 55 255 ’
140 238 210 294 tete
608 241 817 297 sanccitum
836 242 877 295 111
895 240 949 291 PP.
969 236 1218 295 RBGRSTORUM
1237 240 1303 294 uis.
1323 241 1372 293 XI.
1790 240 1845 299 llll

140 363 296 436 aliquando
308 363 465 433 sorortuit,
476 364 841 438 regisnmitu,regisnate,
853 364 882 418 et
892 376 962 433 pra·
975 359 1003 428 Α
1019 363 1097 416 ctam
1121 364 1283 418 itomanam
1300 361 1461 419 Ecclesiam
1485 363 1598 421 bebere
1615 363 1803 436 dignosceris
1819 366 1844 421 in

138 457 219 510 terea
234 453 330 523 neptis
346 454 411 524 ejus
427 455 477 524 qui
488 453 635 525 gloriosus
645 471 731 526 opere
747 468 894 524 rexquam
911 466 965 506 nc·
1021 449 1525 525 Dominocommendantes,gretias
1538 452 1846 511 referimusbcuoruu

41 612 44 617 Ι
140 542 231 611 mine,
254 543 290 599 de
304 542 420 598 duobus
436 543 557 599 diversis
580 546 608 598 at
626 544 756 599 adversis
777 541 917 614 Augustis
933 555 966 594 ac
1022 539 1846 613 omniumlargituriquodtibiettuisinGreccsminus

139 632 258 688 Venetis
274 630 397 702 aliisque
406 631 833 704 gentibueunadierelerturin
844 628 967 686 diversis
1022 627 1171 685 catholice
1187 630 1347 687 sentientes
1359 630 1533 702 degentibus
1544 631 1642 686 tidem
1652 636 1766 689 rectum
1777 634 1847 691 miae

47 758 50 765 ι
88 706 93 715 ’
140 719 966 794 mundipartibusmarietaridnmagnificatriumphasse.
1020 718 1351 791 ricordltsrinspiravit,
1368 720 1847 793 utrecognoscsnsbeatcPetroa

82 863 84 867 ,
139 807 966 884 Eorumquidemnataliumtuagermanrespoususcla·
1019 807 1223 864 Domincesss
1245 809 1377 867 dictum:
1396 813 1479 866 Tuos
1500 810 1617 879 Petras,
1646 813 1847 884 etaupcrtaac

139 900 226 956 ritate
241 899 430 972 conspicuus,
457 900 546 971 (sicut
561 901 597 956 de
611 902 668 957 sibi
686 901 808 973 paribus
822 899 965 972 scriptum
1016 899 1123 969 petram
1136 897 1439 969 oedifircboltcctesicm
1453 914 1556 968 meam,
1566 908 1595 956 et
1608 899 1846 972 portaeinserincr

140 992 203 1045 oet:
220 987 373 1043 decoribus
396 988 485 1045 virtus
497 989 614 1061 conticit
628 999 691 1045 onte
713 989 798 1060 diem)
814 990 849 1045 de
874 990 964 1060 janua
1015 986 1206 1059 prevalebunt
1228 987 1445 1053 adventassem,
1460 996 1487 1044 et
1501 988 1558 1045 tibi
1571 988 1652 1045 dabo
1676 989 1769 1046 ctccea
1782 994 1846 1060 renni

139 1075 304 1150 pubertatis
315 1076 562 1150 pneeuevelociori
575 1077 965 1149 annosdiscretionisingrc·
1017 1075 1156 1147 coelcrcm,
1171 1081 1197 1131 et
1211 1076 1391 1150 qwdcunqae
1407 1074 1542 1148 (maceria
1565 1093 1660 1150 super
1675 1087 1791 1145 terram,
1803 1080 1844 1134 erit

140 1168 381 1237 ditur,etatatem
397 1168 586 1240 anticipando
603 1169 761 1226 virtutibus
778 1168 901 1225 feliciter
917 1184 964 1224 re·
1018 1165 1137 1234 ticulum
1152 1175 1179 1220 et
1193 1167 1222 1220 in
1239 1165 1304 1221 corto
1318 1174 1345 1222 et
1360 1166 1547 1237 qaodcunque
1567 1166 1700 1223 solveris
1713 1183 1795 1240 asper
1806 1178 1844 1224 tan

141 1257 251 1330 gnandi
260 1257 409 1330 primitias
421 1257 594 1314 mirabiliter
604 1260 763 1316 exorditur.
777 1258 910 1330 Denique
922 1274 964 1314 rc·
1017 1270 1082 1310 ram
1097 1255 1162 1322 erit,
1177 1255 1296 1310 solutam
1313 1265 1340 1310 et
1355 1257 1384 1310 in
1396 1255 1463 1311 caelo
1478 1254 1575 1327 (lietb.
1603 1258 1684 1327 xvi),
1701 1260 1734 1313 et
1756 1257 1843 1313 iterun

139 1362 230 1420 gnum
242 1347 418 1403 suumdivee
430 1346 964 1421 etnobilcinterceeteruregnamundi
1018 1344 1094 1400 circa
1110 1345 1276 1416 passionem
1294 1345 1406 1418 ipsius:
1423 1345 1532 1413 Simon,
1549 1361 1605 1416 epo
1623 1350 1844 1419 prctcrcpariat

140 1435 301 1492 umbilicus
314 1440 343 1491 ct
354 1440 457 1508 portus
467 1440 513 1492 est
523 1436 647 1492 aliorum
659 1457 666 1506 ;
678 1440 713 1494 de
724 1455 780 1510 quo
791 1437 963 1509 etperqucd
1016 1448 1072 1489 noc
1086 1432 1169 1503 defiat
1190 1434 1256 1505 fides
1270 1439 1326 1504 tuo,
1342 1442 1369 1490 et
1384 1443 1412 1490 tu
1436 1433 1595 1507 aliquanto
1613 1451 1771 1493 conuersus
1791 1453 1844 1493 ccr-

139 1526 398 1596 tantotiblmajora
406 1527 964 1599 poteruntccmmodaprcvenirequanto
1017 1524 1100 1595 firma
1112 1525 1213 1594 (ratres
1226 1533 1285 1581 tuos
1300 1525 1376 1597 (Luc.
1387 1525 1469 1597 xxm),
1481 1541 1674 1598 rursumque
1686 1532 1757 1599 post
1766 1542 1843 1583 raam

143 1613 239 1686 magis
255 1618 304 1668 tun
320 1630 410 1684 regno
424 1615 617 1687 contiguitate
628 1615 719 1670 maris
732 1620 776 1670 est
786 1614 963 1687 proximum,
1019 1613 1176 1669 rectionem
1193 1629 1278 1669 suam
1303 1614 1379 1669 trino
1395 1614 1520 1685 repetito
1536 1614 1691 1671 vocabulo
1708 1615 1800 1672 eidem
1813 1618 1843 1671 di·

138 1703 308 1769 elenchis,
333 1706 433 1774 utpote
458 1703 605 1775 peculiare
629 1703 704 1759 beati
732 1703 819 1772 Petri,
844 1702 964 1775 speciali
1018 1701 1114 1757 xissc:
1129 1702 1159 1757 st
1181 1701 1278 1773 dilipis
1298 1719 1352 1771 mc,
1381 1719 1464 1772 pasce
1492 1718 1557 1759 ovea
1579 1706 1844 1769 maestiorem.

139 1790 331 1863 prerogativa
341 1790 494 1847 dilectum.
508 1794 580 1848 Cum
594 1793 684 1865 igitur
694 1791 966 1848 venerabilislrater
1021 1806 1072 1863 per
1083 1789 1197 1847 litteras
1207 1795 1274 1847 tuas
1289 1807 1364 1864 quas
1381 1792 1563 1864 benignitate
1575 1797 1713 1864 paterna
1729 1794 1842 1866 suscepi·

139 1884 241 1937 noster
255 1879 443 1936 Mazariensis
458 1881 625 1954 episcopus,
641 1881 686 1936 vir
707 1882 810 1953 utique
824 1881 964 1954 providus
1020 1896 1099 1949 mus,
1113 1878 1278 1952 postulares
1293 1884 1327 1935 ut
1341 1897 1358 1936 a
1372 1879 1462 1937 latere
1474 1887 1578 1936 nostro
1597 1881 1754 1954 legatum,
1769 1885 1842 1955 quite

140 1985 173 2025 ac
187 1968 293 2037 tidelis,
306 1974 334 2025 et
345 1970 477 2042 pensatis
488 1970 614 2043 singulis
626 1969 820 2043 qualitatibus
835 1971 871 2025 ad
883 1988 965 2043 nego·
1020 1973 1129 2024 actuos
1140 1969 1253 2024 erudiat
1263 1968 1294 2024 in
1304 1969 1372 2025 lidei
1381 1968 1521 2041 puritate,
1531 1968 1659 2027 mittere
1666 1971 1843 2045 dignaremur

139 2059 215 2114 tium
229 2058 284 2115 hoc
295 2059 431 2129 idoneus,
443 2062 477 2116 ad
490 2061 707 2134 suggestionem
719 2062 892 2119 nuntiorum
902 2066 966 2119 tuo·
1019 2057 1080 2115 Nos
1095 2072 1163 2128 ergo
1179 2058 1371 2130 proponimus
1380 2063 1413 2113 ut
1423 2059 1459 2115 ad
1471 2062 1571 2132 partes
1582 2058 1656 2117 illas
1666 2059 1799 2134 legatum
1807 2061 1842 2134 qni

140 2163 206 2203 rum
224 2164 256 2204 ac
272 2153 354 2205 tuam
372 2167 423 2221 pro
431 2150 572 2221 iamdicta
583 2151 965 2207 tunsororetrausduocnda
1020 2145 1131 2219 pascat,
1148 2146 1312 2216 confirmet,
1330 2151 1359 2203 et
1373 2148 1502 2219 corrigat
1512 2147 1564 2221 qui
1580 2148 1768 2222 corrigenda
1781 2150 1844 2204 inve·

142 2235 966 2311 mittatur,celsitudinemregiammonemusatteutinset
1021 2236 1107 2302 uerit,
1130 2237 1381 2305 transmittamus,
1406 2236 1545 2293 dilectum
1578 2237 1680 2295 filium
1708 2239 1843 2296 Nicolaum

139 2325 965 2399 propensiusexhortemurquatenuseamcumapparntu
1021 2324 1259 2381 archidiaconum
1288 2326 1459 2382 Latinorum
1483 2326 1641 2393 Durachii,
1667 2346 1726 2402 per
1746 2336 1844 2386 nostras

140 2413 255 2468 decenti
279 2417 308 2468 et
322 2413 483 2470 honorifico
500 2414 656 2482 comitatu,
673 2431 731 2487 quo
746 2420 775 2472 et
790 2417 862 2489 ipsa,
880 2421 968 2490 prout
1021 2415 1124 2470 dantes
1141 2414 1254 2470 litterae
1269 2415 1297 2469 iu
1315 2415 1461 2471 mandatis
1477 2420 1510 2470 ut
1525 2416 1590 2488 ipse
1608 2416 1737 2474 interim
1754 2419 1787 2474 ad
1802 2426 1844 2473 sr-

140 2501 276 2558 ccnvenit
290 2505 378 2558 tenta
394 2519 522 2575 sponsa,
537 2504 755 2561 circumornata
770 2506 919 2577 procedat,
936 2514 968 2566 et
1022 2502 1141 2573 hunam,
1152 2503 1280 2569 accedat,
1296 2508 1325 2558 ct
1339 2507 1366 2558 te
1386 2519 1418 2558 ac
1434 2507 1500 2559 tuos
1517 2520 1578 2559 una
1601 2520 1675 2560 cum
1703 2505 1845 2563 venarabili

138 2607 267 2663 sponsus
281 2593 346 2663 ejus
362 2591 499 2648 solatium
517 2597 690 2666 opportuna
707 2594 912 2651 subventionis
923 2613 968 2652 ec·
1022 2592 1110 2647 tratre
1125 2596 1226 2648 nostro
1241 2591 1331 2647 Paulo
1347 2592 1509 2648 arbanensi
1522 2592 1669 2667 episcopo
1686 2595 1812 2652 instruat
1824 2602 1845 2649 et

52 2688 67 2697 ’·
137 2679 237 2751 cipiet,
253 2679 368 2736 mittere
386 2697 444 2736 non
458 2687 631 2755 postponas,
647 2699 792 2755 expensae
822 2700 897 2755 quas
916 2701 967 2741 ne·
1021 2683 1175 2740 confirmet
1188 2683 1219 2739 in
1235 2683 1683 2754 iisquavideritexpedire;ut
1698 2704 1768 2743 cum
1781 2688 1845 2759 lega·

138 2767 251 2841 gotium
269 2771 343 2826 tanti
360 2770 510 2842 profectus
525 2775 555 2827 et
571 2771 691 2828 hcncrie
705 2772 848 2844 exposcit,
865 2774 966 2846 aliquo
1021 2777 1068 2828 tus
1085 2773 1242 2841 advenerit,
1259 2788 1308 2828 vos
1320 2788 1354 2827 ex
1370 2773 1753 2844 parteinveniateruditcs.
1766 2777 1845 2832 llcue·

139 2858 226 2914 modo
242 2875 299 2914 non
311 2859 435 2929 evitans,
447 2876 514 2916 cum
528 2859 598 2928 Deo,
612 2859 690 2916 sicut
700 2860 888 2932 ccnlldimut,
901 2879 966 2935 pro·
1020 2877 1087 2917 mus
1103 2861 1193 2933 igitur
1208 2860 1392 2917 nobilitatem
1408 2865 1527 2918 tuamet
1537 2861 1744 2920 exhortamur
1758 2865 1786 2921 in
1801 2866 1844 2921 llc·

138 2951 275 3019 sperante
290 2948 342 3004 tibi
358 2949 474 3020 possint
489 2949 519 3004 in
535 2949 694 3022 decuplum
711 2951 879 3007 restaurari.
1020 2950 1111 3018 mico,
1120 2949 1844 3026 perapoetolicutibiscriptamandanteaquetenur

176 3036 279 3091 Datum
297 3036 442 3093 Laterani.
1019 3039 1189 3112 pradictum
1207 3037 1446 3095 archidiaconum
1463 3039 1633 3112 suscipiens
1644 3041 1844 3099 honorificem

532 3125 556 3178 V
975 3111 998 3175 C
1017 3128 1140 3184 honeste
1151 3133 1343 3200 pertractans,
1354 3131 1418 3201 eius
1430 3128 1561 3185 salubria
1573 3130 1697 3187 monita
1713 3137 1743 3188 et
1755 3148 1845 3205 prece·

463 3214 635 3286 (Laterani.)
1017 3223 1067 3291 pta
1081 3218 1182 3275 devota
1197 3219 1323 3292 recipias
1337 3223 1366 3275 et
1381 3219 1536 3287 observes;
1553 3223 1635 3276 utsx
1646 3221 1710 3278 hoc
1721 3222 1844 3277 cumulus

169 3312 201 3367 ln
215 3313 345 3369 eumdem
360 3315 421 3384 (erc
433 3312 543 3368 modum
568 3312 675 3369 illustri
689 3312 792 3385 rapine
806 3313 962 3384 drepanam
1016 3307 1070 3364 tihi
1086 3311 1202 3364 ateruae
1217 3308 1421 3364 retributionis
1437 3312 1598 3379 accrescat,
1610 3314 1641 3365 et
1653 3326 1714 3368 uos
1730 3312 1843 3368 devotio·

134 3401 257 3472 usquein
265 3401 507 3472 ficemouccirca
519 3402 708 3457 serenitatem
717 3406 797 3457 tuam
806 3418 961 3458 monemus
1017 3412 1083 3452 nem
1099 3400 1179 3452 tuum
1197 3395 1345 3468 possimus
1361 3396 1465 3453 merito
1481 3399 1711 3456 commendare.

53 3490 56 3495 '
134 3490 960 3563 attentiusetpropensiusexhortemurquatenusdictum
1051 3485 1157 3541 Datum
1187 3485 1333 3555 Laterani,
1362 3503 1394 3541 1¹1
1423 3485 1485 3544 Kal.
1515 3487 1625 3558 Martii,
1660 3506 1745 3546 auno
1764 3491 1844 3545 unde·

134 3594 233 3650 regem
250 3580 285 3633 ud
300 3579 327 3633 id
341 3581 502 3650 prudenter
512 3583 540 3635 et
551 3578 709 3652 diligenter
719 3580 853 3647 inducas,
866 3585 960 3637 etten·
1016 3573 1102 3630 cimo-

135 3666 209 3721 dans
225 3669 302 3738 quod
328 3667 352 3722 si
369 3667 563 3740 personaliter
589 3669 743 3724 accederes
759 3686 822 3724 cum
844 3671 959 3740 eadem,
1388 3663 1465 3720 Vlll·

135 3758 241 3826 prater
254 3754 284 3810 id
301 3757 378 3826 quod
396 3757 500 3813 ellectu
518 3758 696 3813 maternode
707 3762 766 3813 tam
777 3757 852 3814 felici
861 3758 959 3830 generi
1016 3769 1163 3809 rrurvsnsrs
1186 3767 1314 3808 unanime
1330 3769 1456 3808 issima
1471 3769 1623 3810 sinssnsrs
1651 3775 1687 3813 ιιι
1705 3775 1841 3816 sessuras

136 3840 262 3914 liliaque
277 3842 418 3900 laetareris
433 3845 580 3916 amplexu,
597 3844 708 3902 utiliter
719 3846 802 3902 valde
815 3864 917 3919 posses
932 3850 962 3903 ct
1258 3857 1391 3897 MOESIS
1407 3858 1600 3899 coufflwsls·

136 3945 235 4002 regem
252 3936 281 3988 et
297 3948 419 4005 regnum
440 3950 493 4006 per
507 3937 587 3990 tuam
603 3935 787 4006 prudentiam
805 3936 958 3992 moderari.
1169 3942 1208 3996 lle
1223 3941 1349 3996 libertate
1363 3942 1528 3997 monosterii
1543 3942 1707 4013 Fortensia.

171 4019 278 4077 Datum
296 4022 443 4079 Laterani.
1222 4029 1378 4101 (Laterani,
1394 4047 1412 4085 v
1431 4030 1504 4085 Non.
1521 4031 1645 4105 Martii.)

524 4111 572 4168 VI·
1050 4148 1121 4201 Cum
1137 4145 1214 4201 inter
1227 4146 1419 4203 venerabilem
1430 4147 1547 4202 tratrem
1556 4152 1841 4210 nostrum-loannem

170 4214 272 4256 *³⁸³¹
287 4217 321 4256 Π
334 4217 491 4306 ῦΡΝνΕΝΨ
516 4218 612 4258 ΕΜ]
626 4218 745 4303 mmm?
761 4219 922 4259 mmm·
1014 4233 1205 4290 Sabincnsem
1222 4235 1391 4308 episcopum
1403 4243 1430 4291 et
1442 4235 1565 4292 dilectos
1578 4235 1660 4294 filios
1671 4240 1842 4298 abbatemet

279 4291 310 4348 m
334 4291 416 4347 Μαί
431 4307 472 4348 ⁶²⁸
495 4291 595 4347 ’ΝΜ
613 4290 815 4350 mmmm·
1015 4328 1193 4380 conventum
1210 4323 1374 4381 Fariensem
1389 4325 1586 4381 controversia
1605 4333 1786 4402 verteretur,
1800 4349 1843 4386 eo·

299 4467 306 4481 ι
329 4380 489 4482 (Lalefffssis
516 4397 534 4434 V
557 4380 616 4482 “ffl-
645 4380 778 4482 Manlii,
1016 4413 1646 4487 demepiscopojusepiscopalepetentetam
1658 4417 1690 4474 in
1699 4425 1842 4477 monaste·

168 4467 360 4525 Prssentrum
376 4471 458 4525 vobis
473 4473 645 4526 auctoritate
659 4472 960 4544 concedimusquate-
977 4479 1000 4544 Ι)
1017 4501 1071 4558 rio.
1089 4502 1219 4559 (impensi
1239 4518 1328 4574 quam
1345 4502 1373 4558 jn
1392 4503 1456 4574 ejus
1475 4502 1608 4559 ecclesiis
1623 4505 1656 4560 in
1670 4508 1843 4566 guadium(

134 4571 190 4610 nus
206 4558 371 4612 secuudum
399 4558 511 4613 ordinis
527 4559 615 4613 vestri
631 4558 759 4629 regulam
775 4560 857 4614 vobis
872 4558 958 4617 licent
1015 4590 1185 4647 consumti,
1211 4608 1261 4647 ,ex
1276 4592 1419 4648 duntaxa(
1441 4591 1568 4663 excepti,
1595 4591 1625 4648 in
1641 4597 1759 4667 quihus
1773 4600 1841 4655 idem

133 4642 210 4697 inira
225 4645 299 4700 lines
309 4645 958 4712 vestrcsmolendinumhaberc,non0bstanis
1014 4633 1286 4736 abbasetmgnachi
1296 4683 1322 4737 ei
1334 4683 1384 4753 (us
1395 4681 1561 4754 episcopm
1572 4635 1707 4743 'minime
1722 4688 1842 4762 deneg„

133 4730 211 4802 quod
228 4731 385 4804 episcopus
401 4738 429 4789 et
443 4734 577 4790 canonici
592 4733 787 4803 Morinsnses,
804 4739 836 4790 nt
851 4736 958 4792 dicitur
1012 4766 1350 4841 banl'ipsiseconmflo
1360 4770 1701 4844 wspondenpibusquod
1713 4777 1841 4849 ipsorum

133 4836 221 4876 causa
236 4825 358 4922 questus
373 4822 403 4878 in
419 4823 483 4879 suis
497 4821 608 4924 molere
623 4822 801 4880 molendinis
817 4825 956 4897 complel·
1013 4854 1224 4910 mummium
1240 4859 1301 4911 (am
1317 4856 1347 4911 (n
1364 4854 1744 4932 capiteqmmmffisejus
1756 4881 1842 4921 mem,

132 4909 267 5011 ῙΫΓΘΪΟΒ
292 4915 435 5012 ”uultui
461 4910 541 4967 N¹¹¹¹¹
567 4926 645 4985 0‘80·
664 4951 671 4966 ·
690 4953 696 4966 ·
713 4915 820 4968 ³⁰⁸⁸?ae
842 4929 959 4971 ⁰⁰⁰⁰⁰⁵'
1013 4942 1074 4999 bris
1088 4948 1149 5000 erat
1160 4960 1282 5017 prorsus
1297 4943 1586 5018 exemptumetnulli
1599 4946 1660 5003 nisi
1675 4954 1841 5024 apostolica

134 5015 238 5072 ⁸¹⁰⁰¹⁵=
253 5004 310 5056 ⁰²⁰·
327 5000 357 5055 3¹
374 5017 441 5102 qum
455 5004 565 5071 mma
582 5003 638 5056 ⁰²⁰·
654 5089 672 5102 ..
889 5093 895 5105 ‚
1012 5033 1074 5088 sedi
1091 5031 1268 5104 subjectum,
1285 5050 1340 5090 uos
1349 5033 1431 5105 visis,
1444 5034 1552 5090 auditis
1561 5038 1590 5090 et
1601 5036 1767 5099 intellectis
1776 5048 1841 5100 atie

169 5094 274 5145 Datum
292 5089 440 5159 mmm*
453 5107 470 5145 V
484 5088 548 5146 ¹4⁸¹·
575 5089 684 5161 Marma
700 5107 777 5148 “⁰¹¹⁰
792 5093 955 5152 mmmm·
1013 5121 1171 5191 stioaibus,
1188 5122 1407 5191 instrumentis,
1419 5128 1448 5179 et
1458 5122 1688 5196 allegationibus
1704 5131 1841 5206 utrinque

515 5207 575 5264 Vll.
1012 5211 1176 5285 productis,
1189 5212 1226 5270 de
1249 5212 1373 5270 consilio
1398 5214 1522 5270 fratrum
1548 5218 1724 5276 nostrornm
1742 5238 1795 5280 eoa
1818 5226 1843 5280 ct

205 5311 300 5352 uosrnr
314 5313 383 5353 vino
405 5313 543 5354 nsusrnrn
566 5314 726 5354 aasumensi
750 5314 885 5357 snrucrer.
1012 5316 1202 5359 successores
1218 5303 1351 5376 ipsorum
1368 5301 1549 5360 absolvimus
1563 5303 1593 5359 in
1608 5312 1795 5380 perpetuum
1810 5312 1840 5370 ab

204 5385 238 5440 si
265 5387 478 5443 arctidicconas
505 5386 642 5443 Duractii
669 5388 884 5446 commodatur.
1012 5389 1198 5462 impetitione
1209 5391 1842 5475 quamcontraipsosidemepieccpussuper

329 5475 487 5547 (Laterani,
510 5489 542 5531 ιιι
557 5474 618 5530 Kal.
643 5474 763 5547 Martii.)
1017 5479 1838 5564 suimonaeteriisubjectionemovebatdecsrnenteaip·
1884 5484 1888 5491 “

169 5563 356 5621 Devoticnem
372 5568 402 5621 et
416 5564 607 5622 reverentiam
625 5580 712 5636 quarn
728 5580 797 5638 erga
807 5582 958 5628 sacrosan·
1015 5583 1081 5626 sum
1089 5570 1491 5643 monasteriumacujuelibet
1504 5572 1705 5645 preterquam
1713 5578 1839 5637 Romani
1882 5590 1888 5599 ·
