3780 6000
62 227 132 283 1557
562 231 825 289 roustetca'rue
840 230 942 291 nerto
959 236 1009 303 xt,
1027 235 1172 293 cfltttsu
1191 230 1271 289 12⁰8·
1699 228 1770 287 1568

419 356 535 413 uentu.
901 398 929 469 A
946 358 1119 417 mittendam
1135 376 1142 417 r
1157 358 1208 431 qai
1223 374 1292 415 oum
1308 354 1408 415 omnis
1421 354 1622 428 inspexissent
1640 355 1768 430 diligen·

60 459 215 499 marsseao
241 459 482 515 secessersccro,
498 462 532 501 rr
554 461 692 502 aerscaeo
714 463 896 519 saviniensi,
944 448 1047 506 tiusat
1060 448 1146 506 nobis
1161 446 1288 505 fideliter
1313 446 1494 515 retulissent,
1514 446 1567 517 jus
1594 449 1767 518 patronatus

327 533 360 571 ΕΤ
371 533 512 573 Cllfflssllffl
525 534 638 574 mm·
944 538 1039 609 ipsius
1050 537 1179 595 aeclesia
1189 536 1290 593 Sancti
1301 534 1377 592 Patri
1391 535 1428 591 da
1442 533 1575 591 Cultnrie
1585 534 1768 605 adiudicari·
1836 596 1838 602 ¹

158 608 198 660 ⁰⁶
213 604 370 661 '‘menis“
384 607 587 662 ⁶‘l'20'2500'2‘m
602 606 632 662 Μ
647 606 706 663 ὶθω
722 610 789 665 ‘¹⁴¹⁰-
946 643 1013 685 mus
1028 627 1207 685 monasterio
1228 625 1328 682 Sancti
1352 623 1458 695 Mauri,
1483 623 1685 695 andegavensi
1713 624 1767 681 ss-
1872 622 1878 640 “

238 692 396 765 (Laterani,
411 711 463 751 V¹¹¹
480 696 524 752 ld·
540 695 714 768 Februarii.)
944 715 1041 774 clesise
1051 732 1141 789 snper
1154 715 1210 773 boc
1225 718 1400 788 perpetuum
1411 709 1767 786 silendumimponentes.

94 789 277 848 Venerabilis
288 791 387 849 fratris
403 791 654 866 nostrisepiscopi
669 797 698 849 et
713 792 888 850 dilectorum
943 804 1021 863 Nulli
1043 822 1146 879 “gom
1177 805 1253 861 hano
1282 804 1421 879 paginam
1449 805 1555 859 nostra
1582 801 1768 861 diffinitioni.

61 879 190 937 filioram
203 880 323 953 capituli
339 880 567 954 Germopilensis
582 881 792 957 [Thermopyll
805 883 889 941 nobis
943 896 1114 968 intringere,
1130 901 1188 954 etc.
1199 911 1285 967 usque
1299 896 1499 950 incursurum·

59 969 192 1042 (ΗΡΟΒῙἏι
202 968 380 1044 θῑὸὓῑῦθθῑῑθ
392 971 528 1044 Ρῑῑθῖθθῑῑ
544 971 783 1044 qu⁰dd⁶³il¹¹0²⁸
795 988 889 1044 iuml·
979 985 1086 1043 Datum
1100 983 1246 1052 Laterani,
1263 1000 1295 1042 ut
1310 982 1380 1041 ldus
1395 980 1558 1052 Februarii,
1577 980 1767 1053 pontificatus

58 1059 126 1115 dam
134 1058 346 1133 cermopilensi
356 1059 889 1134 civitatepergaerrarumincnrsns,»
943 1072 1035 1129 nostri
1050 1087 1127 1127 anno
1138 1070 1303 1128 undecimo.

60 1148 216 1222 episcopas
232 1153 261 1205 et
272 1147 404 1206 canonici
419 1146 470 1221 qui
480 1152 552 1204 tanc
563 1154 657 1218 erant,
672 1148 703 1207 in
720 1150 783 1209 loco
798 1168 889 1224 quem
1291 1186 1393 1245 ρων

59 1237 272 1294 Bondoniciam
287 1242 392 1296 vocant
407 1236 512 1295 incole
527 1254 612 1299 aecus
628 1256 711 1298 mare
737 1242 888 1313 quoddam
1394 1226 1404 1246 ⁶

57 1327 229 1394 oratorium,
246 1326 278 1384 ut
293 1326 427 1383 divinum
443 1327 472 1383 in
496 1344 529 1383 eo
546 1326 730 1386 celebrarent
744 1328 887 1400 officiam,

60 1419 290 1473 construxerunt
305 1435 313 1486 ;
328 1433 415 1489 quem
430 1415 528 1473 locum
545 1419 617 1473 adeo
637 1417 741 1491 piratis
767 1425 795 1476 et
822 1419 889 1478 aliis

61 1505 300 1563 malefactoribus
316 1505 449 1578 pervium
464 1515 632 1563 asseverant
648 1509 727 1580 quod
757 1508 889 1583 plerique

60 1593 888 1668 superveniantcanonicisibidemvolentibuscelebrare,

61 1701 188 1758 quorum
203 1683 310 1741 timore
324 1682 414 1740 iidem
430 1684 576 1753 canonici,
604 1685 739 1744 restibus
764 1692 793 1744 et
821 1686 888 1744 aliie
978 1688 1051 1746 Cum
1064 1682 1279 1745 thesaurariam
1291 1684 1400 1761 pariter
1423 1689 1452 1743 el
1480 1685 1666 1758 prebendam
1692 1700 1766 1759 quas

58 1773 268 1831 ecelesiasticis
283 1772 465 1829 ornamentis
481 1773 615 1845 abjectis,
645 1774 806 1848 relictoque
835 1775 1025 1869 DeiBbcnoe
1042 1773 1536 1834 memorieioannessubdiaccnus
1560 1773 1763 1835 nosterineo·

58 1863 190 1931 servitio,
214 1862 314 1936 lugam
345 1866 460 1936 petant,
487 1879 679 1935 personarum
718 1865 883 1937 pericnlum
939 1863 1137 1922 clesiavestra
1152 1864 1246 1921 tennit
1261 1864 1410 1922 donationi
1423 1863 1651 1921 nostraedudum
1668 1858 1762 1924 reserss

58 1959 235 2021 metuentes,
252 1969 319 2008 cnm
331 1953 452 2024 quidem
469 1953 636 2026 episcopas,
651 1955 788 2012 tertiusu
812 1973 885 2028 pres-
937 1971 1093 2011 vasscmus
1109 1971 1241 2028 personas
1255 1954 1366 2010 idonee
1377 1954 1580 2023 conterendas,
1603 1957 1643 2025 lc,
1671 1953 1761 2012 irater

57 2044 116 2099 lato
132 2043 268 2116 episcopo
285 2041 335 2115 qni
351 2059 430 2097 nunc
446 2048 561 2114 preest,
580 2044 616 2099 ab
633 2043 804 2114 hujusmodi
820 2063 884 2103 ma·
939 2044 1085 2118 episcope,
1096 2050 1272 2118 pernostras
1285 2043 1395 2101 litteras
1406 2048 1434 2100 et
1445 2042 1614 2101 monuimus
1625 2047 1654 2101 et
1672 2059 1759 2116 roga·

58 2130 884 2192 lelactoribnsineodemlooocrudeliterlneritinterem-
938 2132 1760 2207 vimusutinhocitagrataitumimpertirerisaseensum

57 2226 135 2295 ptus.
151 2220 260 2277 Undae
271 2219 517 2278 nobishumiliter
528 2221 884 2292 postularantutindem·
940 2227 970 2281 et
984 2228 1065 2280 tuem
1080 2223 1165 2281 nobis
1182 2222 1358 2296 quantocius
1373 2239 1463 2296 super
1477 2239 1511 2279 eo
1523 2224 1697 2281 rescriberes
1709 2239 1762 2280 vo·

59 2310 143 2368 nitati
159 2309 292 2366 Ecclesiae
307 2326 341 2367 ac
358 2309 508 2367 securitati
522 2326 624 2371 earum
652 2312 885 2371 misericorditer
940 2315 1084 2372 luntatem
1105 2313 1323 2386 qncdipsarum
1334 2310 1645 2370 demumcollatioture
1656 2313 1765 2371 libera·

58 2400 255 2473 providentes,
270 2398 312 2454 eis
327 2400 486 2454 concedere
501 2398 693 2472 dignaremur
707 2407 741 2457 ut
752 2403 781 2458 in
793 2403 886 2458 ebba·
941 2402 1017 2460 litati
1033 2421 1090 2460 non
1108 2403 1207 2459 minus
1220 2420 1308 2476 quam
1326 2407 1432 2458 nostru
1448 2406 1547 2474 posset
1557 2401 1656 2475 gratie
1669 2401 1766 2477 impu-

1067 1295 1204 1339 Rsrsuueo
1216 1295 1250 1337 ΒΤ
1264 1295 1403 1335 castrute
1413 1292 1643 1336 fflithENflllUfle

980 1388 1016 1446 ue
1031 1385 1208 1445 lteremuric
1218 1389 1245 1442 et
1257 1385 1405 1459 pretenta
1415 1383 1579 1444 lexoviensi
1588 1386 1735 1442 reserantis

1297 1474 1316 1514 a
1328 1475 1411 1532 papo.

1139 1566 1295 1642 (Laterani,
1306 1582 1327 1624 ιι
1343 1566 1385 1623 ld.
1396 1566 1570 1640 Februarii.)

58 2489 178 2561 tiaqaae
192 2486 885 2563 Communicvulgariterappellaturisproprio
941 2492 1306 2564 tari3quarumprolecto
1329 2489 1516 2548 collationem
1542 2490 1584 2549 sic
1610 2490 1640 2549 in
1664 2495 1767 2551 nostra
1865 2557 1868 2561 ,

58 2576 284 2649 Cerrrropilensis
300 2575 434 2634 Ecclesiae
464 2577 555 2634 lunda
575 2572 631 2634 sita
657 2577 775 2636 valeant
803 2597 884 2637 com·
942 2578 1764 2652 retinuissencsintimavimuspotestateutdonectuum
1871 2602 1878 2609 ·

60 2667 178 2725 morari.
192 2668 265 2734 Quia
276 2684 343 2724 vero
354 2667 441 2723 nobis
453 2685 510 2724 nou
522 2669 654 2724 constitit
667 2670 702 2724 de
714 2669 885 2743 premissis,
941 2668 977 2727 nd
994 2687 1047 2726 nos
1063 2686 1239 2743 responsum
1250 2673 1278 2725 et
1293 2672 1426 2725 nostrum
1437 2667 1557 2725 tendam
1571 2672 1607 2725 ad
1620 2672 1649 2727 te
1665 2685 1763 2729 recar-

61 2756 233 2815 discretioni
244 2761 344 2812 vestre
355 2773 406 2829 per
415 2756 575 2831 apostolica
586 2758 696 2832 scripta
709 2760 887 2816 mandamns
941 2766 1015 2816 reret
1026 2757 1254 2833 beneplacitam,
1266 2774 1354 2833 super
1368 2758 1411 2815 eis
1432 2757 1505 2814 nihil
1518 2758 1554 2813 ab
1570 2756 1627 2814 alio
1638 2757 1674 2814 de
1688 2756 1762 2830 ipsis

61 2845 523 2920 quatenusinquisitasuperiis
551 2846 725 2921 diligentius
753 2847 885 2921 veritate,
941 2846 1078 2907 attentari
1093 2848 1203 2917 liceret,
1220 2852 1249 2904 et
1260 2846 1284 2904 si
1300 2847 1369 2919 qnid
1384 2846 1501 2904 interim
1526 2845 1664 2905 attentari
1692 2863 1762 2905 son·

62 2939 86 2994 si
103 2935 263 2994 necessitas
281 2935 492 3009 hocexpusclt,
521 2936 595 3010 ipsis
624 2937 688 2994 sina
717 2937 886 3010 prejudicio
940 2937 1076 3012 tingeret,
1087 2937 1204 2994 irritum
1220 2935 1403 2994 decrevimus
1418 2941 1447 2993 et
1461 2934 1559 2992 ineos.
1574 2934 1633 2992 Vos
1661 2939 1761 2995 autem

63 3026 275 3083 monachorum
302 3025 332 3081 in
359 3025 437 3082 dieto
466 3028 644 3083 monasterio
673 3026 886 3095 commorandi,
941 3027 1027 3086 nobis
1042 3044 1093 3102 per
1107 3032 1219 3085 vestras
1234 3025 1349 3085 litteras
1370 3024 1563 3098 respondistis
1591 3025 1669 3099 quod
1694 3040 1762 3085 oum

62 3117 154 3173 donec
166 3115 238 3173 alias
253 3115 440 3187 provideatur
455 3114 579 3186 eisdem,
591 3114 762 3174 arroteritale
773 3121 884 3188 nostra,
942 3118 977 3175 de
992 3117 1087 3192 ipsias
1103 3114 1224 3174 loannis
1239 3115 1320 3173 obitu
1330 3116 1414 3172 vobis
1429 3113 1593 3173 certissime
1612 3114 1762 3177 tuustitis·
1855 3193 1860 3201 ,

63 3201 884 3279 sublatoappellationisobstaculo,licantiamtribuatis,
900 3166 923 3240 c
942 3212 996 3278 set,
1011 3206 1123 3265 decimo
1140 3203 1410 3278 dieantequamvel
1421 3221 1473 3277 per
1489 3204 1625 3262 nuntiam
1640 3204 1685 3263 rel
1711 3220 1764 3277 per

63 3292 293 3351 contradictores
309 3309 532 3365 percensuram
548 3293 776 3352 ecclesiasticam
791 3294 888 3373 appel·
940 3296 1054 3355 litteras
1066 3313 1156 3371 super
1171 3295 1206 3352 iis
1217 3294 1377 3369 quidquam
1393 3290 1476 3350 vobis
1490 3294 1526 3350 de
1550 3297 1651 3352 nostra
1678 3293 1762 3355 inuu-

62 3383 579 3458 lationepostpositacompescentes.
594 3383 689 3442 Nullis
700 3384 807 3442 litteris
817 3386 890 3447 veri·
940 3391 1063 3445 tesceret
1076 3384 1234 3455 voluntate,
1251 3384 1467 3442 thesaurariam
1481 3382 1586 3441 dilecta
1607 3381 1665 3439 lilio
1694 3399 1762 3443 rue·

63 3472 292 3545 latietJ'ustitire
312 3470 607 3545 prejudicantibusa
635 3474 703 3531 sede
727 3475 889 3547 apostolica
939 3474 1031 3551 gistro
1053 3472 1201 3532 Willelmo
1229 3473 1370 3545 arundel,
1399 3470 1446 3529 cui
1468 3472 1622 3547 multiplex
1645 3488 1761 3533 moratu

63 3563 239 3635 impetratis.
256 3561 338 3631 Quod
352 3562 377 3618 si
388 3578 445 3618 non
460 3579 574 3635 omnes,
590 3567 658 3634 etc,
688 3564 746 3621 duo
774 3569 887 3624 vestru-
940 3564 1072 3623 asseritis
1082 3571 1111 3624 et
1122 3564 1290 3623 litterature
1305 3562 1442 3619 meritum
1453 3561 1618 3636 suffragari,
1631 3562 1761 3635 preben-

63 3669 139 3722 mee,
154 3660 209 3708 eiu·
939 3657 1006 3713 darn
1021 3670 1088 3712 varo
1103 3655 1133 3711 in
1149 3655 1223 3712 dues
1238 3653 1385 3726 portiones
1400 3651 1525 3709 divisam
1550 3652 1666 3709 duobus
1689 3649 1760 3711 viris

99 3742 203 3798 Delam
220 3739 368 3811 Laterani,
379 3741 509 3798 vrrrldns
521 3741 683 3811 Februarii,
696 3743 886 3821 pontificatus
938 3745 1063 3813 idoneis,
1079 3744 1138 3801 vita
1153 3741 1438 3801 commendabilibus
1448 3741 1619 3811 etscieulia,
1632 3741 1667 3798 de
1677 3756 1759 3799 oom-

61 3834 154 3901 nostri
170 3850 246 3889 anno
258 3832 423 3891 undecimo.
938 3835 1020 3893 muni
1032 3834 1178 3891 dederatis
1189 3849 1345 3902 censensu,
1363 3835 1396 3889 nt
1423 3831 1453 3887 in
1483 3831 1598 3889 duabus
1626 3828 1758 3891 ecclesiis

420 3922 534 3982 Ctltlll.
937 3943 1002 4000 quse
1015 3926 1051 3983 ad
1064 3921 1128 3998 jam
1145 3920 1255 3981 dictam
1270 3919 1456 3997 pertinebant
1480 3919 1666 3993 praebendam
1695 3918 1759 3993 ple·
1794 3918 1797 3923 '

76 4031 183 4071 sesam
198 4029 401 4070 erccuvsarur
415 4029 514 4071 ssucrr
525 4029 620 4070 arsum
644 4029 866 4072 sansasveasrs.
937 4015 1004 4071 nius
1018 4017 1047 4070 et
1058 4011 1257 4069 sufficientius
1272 4008 1434 4066 ministrari
1447 4007 1564 4077 valeret,
1580 4024 1613 4063 eo
1642 4008 1759 4079 utrique

108 4103 228 4161 Ecclesia
248 4102 346 4160 Sancti
366 4103 445 4159 Petri
458 4103 491 4158 de
507 4103 634 4160 Culture's
648 4104 835 4173 adjudicatur.
936 4104 1033 4161 oneris
1049 4108 1130 4174 parte
1146 4103 1286 4171 detracta,
1298 4099 1464 4156 animarum
1479 4115 1549 4153 cura
1564 4097 1759 4169 possetabeis

242 4192 401 4266 (Laterani,
418 4209 450 4248 ιιι
464 4192 508 4249 Id.
525 4190 699 4267 Februarii.)
936 4199 965 4250 et
980 4189 1119 4249 sastlnerl
1132 4189 1245 4247 iucillus
1259 4194 1288 4246 et
1307 4188 1479 4261 diligentins
1507 4186 1646 4243 exerceri.
1675 4184 1758 4244 Unde

95 4293 167 4350 Cum
179 4309 299 4348 causam
311 4308 374 4365 que
385 4308 475 4365 super
485 4291 553 4365 jure
563 4295 738 4365 patronatus
749 4290 884 4351 Ecclesia
935 4281 1020 4341 nobls
1036 4277 1186 4338 humiliter
1200 4278 1391 4353 supplicastis
1403 4281 1434 4334 nt
1444 4277 1469 4333 si
1478 4276 1523 4334 vel
1536 4281 1665 4332 erratum
1681 4281 1761 4333 esset

59 4380 883 4454 SanctaPetrideCulturisintervosstandegnveusem
935 4374 963 4429 iu
981 4371 1150 4444 hujusmodi
1166 4369 1349 4426 ordinatione
1372 4367 1528 4440 corrigere,
1557 4364 1601 4425 vel
1630 4365 1655 4420 si
1684 4365 1759 4421 toret

59 4469 219 4527 Ecclesiam
235 4469 404 4526 vertebatur
419 4468 535 4527 dilectis
550 4469 619 4527 liliis
649 4471 760 4527 decano
783 4467 882 4528 Sancti
935 4468 1012 4521 recte
1024 4477 1204 4533 processum,
1219 4456 1293 4513 illud
1309 4454 1470 4529 apostolico
1484 4455 1675 4528 dignaremur
1690 4471 1757 4511 mu·

59 4559 135 4615 Patri
151 4563 180 4615 ot
196 4558 231 4615 de
246 4557 363 4615 Cellaet
377 4557 490 4615 Sancte
516 4560 706 4634 [radegundis
733 4559 881 4632 prioribufl
895 4536 920 4604 D
936 4552 1046 4609 nimine
1063 4550 1210 4607 roborare.
1225 4547 1302 4603 Licet
1316 4545 1416 4621 igilur,
1428 4543 1453 4602 si
1484 4544 1643 4619 prehabito
1663 4544 1756 4603 unde-

58 4647 281 4705 Pictaveusibus
314 4647 552 4705 commiserimus
581 4648 783 4716 decidendam,
822 4647 880 4723 ipsi
935 4632 1753 4714 cunqueprelibatlnostrinotitieconstituirelvosad

58 4739 213 4810 utriusque
229 4735 320 4809 pertis
336 4737 461 4808 receptis
473 4736 610 4808 testibus,
627 4738 836 4798 instrumentis
852 4742 881 4799 el
935 4730 1144 4789 conivendum
1160 4725 1204 4784 vel
1220 4724 1264 4782 ilii
1278 4726 1315 4783 td
1331 4724 1532 4802 recipiendum
1551 4724 1690 4798 praediuit
1704 4724 1754 4782 bt·

58 4824 596 4898 aliisrationibusintellectis,usqne
625 4828 661 4883 ad
692 4828 879 4899 diffinitivam
935 4813 1583 4893 nessclaprocessissent,uonsolomidquod
1613 4818 1691 4871 esset
1713 4819 1755 4871 ta-

58 4918 235 4976 sententiam
247 4920 360 4973 servato
372 4915 450 4987 juris
460 4914 563 4971 urdine
574 4918 811 4987 procedentes,ad
825 4934 880 4975 nos
936 4911 1001 4966 liter
1013 4912 1189 4966 attentatum
1205 4903 1362 4962 deberetiu
1375 4904 1490 4961 irritum
1506 4903 1754 4972 revocari,veram

58 5025 177 5066 causam
189 5007 323 5063 eamdem
340 5005 518 5061 remiserant
534 5004 722 5075 instructam,
747 5004 881 5077 pertibus
935 4999 1022 5056 etiam
1039 5013 1090 5054 vos
1105 5003 1133 5054 et
1147 4995 1191 5052 illl
1206 4994 1332 5069 graviter
1353 4993 1499 5050 deberetis
1526 4992 1561 5048 de
1587 4995 1755 5065 contempta

56 5098 217 5156 terminum
228 5095 476 5169 praeagentesquo
485 5110 551 5150 curn
560 5093 880 5167 attestationibasipsis
936 5086 1044 5160 puniri.
1056 5088 1130 5153 Quia
1142 5090 1253 5153 tamen,
1265 5084 1289 5140 si
1301 5100 1347 5140 res
1360 5084 1398 5139 ita
1409 5099 1440 5140 so
1455 5083 1542 5137 habet
1567 5078 1757 5151 quemadmo-

56 5186 156 5245 etnliis
167 5184 375 5242 instrumentis
384 5187 483 5240 nostro
494 5200 526 5239 se
536 5183 708 5256 conspectui
723 5188 879 5256 praesenta-
935 5177 1006 5233 dum
1020 5190 1070 5248 per
1080 5179 1192 5230 vestras
1204 5172 1315 5229 litteras
1325 5170 1522 5245 expressistis,
1534 5169 1569 5224 dc
1579 5170 1757 5240 comtemptu

55 5286 119 5335 rent
132 5275 308 5334 sententiam
321 5274 628 5346 receptare.Partibus
639 5273 729 5348 igitur
739 5273 768 5331 iu
780 5278 880 5331 nostra
934 5262 1119 5325 excusabiles
1136 5262 1294 5339 apparetis,
1311 5258 1481 5317 discretioni
1496 5259 1593 5314 vestra
1621 5256 1756 5358 commit-

54 5363 880 5442 praesentiaconstitutis,inspectioneminstrumentorum
935 5346 1755 5424 timuslnluendumquatenussiconeideratoconstrtuto

55 5463 84 5514 et
99 5455 218 5512 testium
233 5452 432 5526 depositiones
448 5451 567 5508 dilectis
579 5449 649 5507 illlis
670 5450 777 5506 loanni
805 5450 877 5507 San·
934 5442 1081 5520 predicto,
1094 5440 1172 5515 qaod
1188 5441 1231 5496 sic
1245 5445 1343 5494 actam
1359 5442 1404 5495 est
1427 5434 1618 5510 cognoveritis
1633 5436 1669 5492 de
1686 5436 1755 5507 jure

55 5547 290 5603 etorumcosmnr
302 5546 330 5598 et
341 5539 760 5613 DamianietPelegioSencte
785 5539 877 5595 anie
934 5551 1020 5611 paese
1033 5531 1140 5598 valere,
1157 5531 1176 5586 ii
1192 5529 1300 5602 quibas
1314 5527 1379 5603 ipse
1406 5526 1547 5585 benellcia
1575 5524 1752 5598 contulistis,

55 5637 91 5694 ed
109 5639 192 5707 septa
202 5633 272 5690 solis
285 5630 416 5688 dlaconis
431 5626 631 5687 cardinalibus
645 5626 783 5685 duximus
796 5642 877 5685 cam·
935 5642 992 5691 non
1009 5622 1102 5680 solum
1114 5637 1148 5678 ex
1161 5616 1364 5693 permissione,
1373 5633 1474 5678 verum
1487 5618 1576 5679 etiam
1592 5639 1626 5680 ex
1648 5634 1751 5680 conce-
