3788 6022
128 216 198 273 1(le
598 214 808 271 INNOCBNTH
827 217 866 269 lii
885 215 939 268 FP.
958 212 1209 269 assassinium
1226 214 1294 268 ete.
1314 212 1365 268 XI.
1788 208 1845 266 152ι

126 346 220 400 vicem
236 341 350 414 geritis,
363 341 463 396 subire
480 339 650 412 martyrium
665 355 723 395 uon
735 339 891 405 timemus3
906 337 953 392 cui
969 338 993 404 Α
1010 336 1137 407 graviter
1151 342 1252 393 centra
1275 354 1326 393 eos
1350 337 1400 408 qui
1425 334 1487 393 hee
1510 336 1565 394 tibi
1591 335 1797 409 persuadere,
1811 338 1844 394 lili

62 420 68 431 ¹
128 433 271 504 quidquid
285 426 958 503 t'aoimus,qnidquidacquirimua,pron0mine
1010 425 1843 499 charissime,presumpserunt,cognoscentesprolecto
1888 452 1890 493 ι

128 522 225 595 ipsius
240 522 269 576 et
285 520 315 575 in
331 521 396 591 ipso
414 524 458 575 est
478 508 507 574 et
528 518 593 573 erit.
610 518 714 574 Grates
730 516 863 573 inlinitas
876 513 958 571 vobis
1011 515 1087 586 quod
1100 532 1189 587 prava
1201 514 1363 572 sintlatera
1373 519 1435 582 tua,
1447 531 1512 586 quse
1523 513 1577 571 tibi
1588 514 1779 586 hujusmodi
1791 533 1845 588 per·
1888 508 1890 569 l

128 609 286 667 referimus
307 608 342 665 de
368 609 479 664 bonore
503 624 520 664 a
542 607 626 663 vobis
651 607 782 663 exhibito
798 607 831 663 G.
849 603 958 662 famulo
1010 606 1539 663 suadent.Undenimirumtimemus
1550 623 1587 663 ne
1599 605 1846 679 persuasionibus

129 704 242 767 nostro,
255 702 284 753 et
298 699 335 754 de
349 698 476 770 negotiis
491 699 602 753 uostris
617 712 634 752 a
649 698 732 753 vobis
748 695 886 752 obtentis.
899 693 959 749 uit·
1011 696 1182 752 eorumdem
1205 696 1356 763 inductus,
1372 696 1434 753 imo
1449 697 1590 752 seductus
1607 696 1731 769 potius,
1746 697 1846 754 imitari

128 792 208 845 teras
219 791 333 843 vestras
343 790 495 859 gratanter
505 787 694 858 suscepimus
705 791 733 841 et
745 787 857 841 devoto.
869 784 960 856 lioga-
1010 783 1084 840 veiis
1101 785 1225 858 vestigia
1240 784 1405 841 crudelium
1423 790 1633 856 tyrannorum,
1651 786 1709 859 qui
1726 787 1765 842 de
1781 792 1847 844 terra

131 894 198 933 mus
219 876 398 933 omnimodis
413 874 506 931 Deum
523 881 555 930 ut
569 892 631 941 vos,
649 893 735 948 quem
759 875 794 930 ad
817 875 958 931 bonorem
1013 871 1182 939 viventium,
1196 874 1259 931 suis
1271 873 1480 946 iniquitatibus
1491 875 1847 948 exigentibue,suntsbs·

31 990 34 997 ·
130 980 218 1023 auum
235 972 264 1021 et
279 964 414 1021 Ecclesia
439 965 536 1037 ipsius
559 966 652 1021 erexit
677 971 836 1036 pastorem,
849 963 880 1018 iu
905 977 961 1018 sua
1014 963 1085 1019 cisai
1101 970 1130 1019 ct
1145 980 1223 1022 nunc
1236 966 1308 1021 iorte
1324 965 1421 1021 acrius
1436 965 1622 1035 cruciantur,
1637 982 1713 1022 cum
1732 984 1792 1023 non
1807 975 1846 1025 tur

132 1055 295 1112 constituat
311 1055 379 1111 sede
392 1071 481 1112 sanos
492 1059 521 1110 et
536 1055 700 1110 incolumes
715 1053 829 1110 diutius
845 1066 961 1126 perma·
1014 1063 1092 1109 sorte
1106 1058 1274 1126 contemne,
1290 1059 1420 1110 nostram
1444 1057 1679 1129 praesumpseris
1698 1074 1845 1129 usurpare,

131 1150 247 1212 nere,et
262 1152 412 1201 conservet
434 1144 519 1200 nobie
535 1160 596 1215 vos,
610 1143 754 1200 famulum
772 1158 877 1211 suum;
892 1157 961 1198 vus·
1009 1140 1246 1213 jurisdictionem
1262 1144 1291 1198 in
1304 1143 1425 1199 ciericos
1436 1145 1845 1218 exercendo.'iempuralibus

132 1237 292 1307 que,cujus
304 1233 625 1307 preceseidoaoisaimae
636 1233 793 1305 suntapud
804 1233 962 1299 Deum,ru·
1014 1231 1092 1286 enim
1108 1232 1253 1288 debueras
1269 1248 1333 1289 esse
1344 1237 1511 1304 contentus,
1522 1250 1587 1306 qaae
1604 1238 1715 1290 tamen
1732 1235 1845 1292 habear

132 1328 200 1397 gete
217 1323 368 1395 pronubis
384 1324 489 1394 utipse
502 1323 587 1378 nobis
603 1338 655 1394 pro
672 1323 736 1394 ipsu
749 1318 964 1377 dimicantibus
1014 1320 1111 1387 nobis,
1122 1325 1151 1377 et
1166 1338 1223 1377 non
1239 1323 1274 1377 ad
1290 1320 1470 1395 spiritualia,
1481 1338 1543 1394 que
1559 1323 1598 1379 ad
1617 1340 1675 1380 nos
1693 1326 1843 1396 pertinent,

132 1429 219 1485 opem
235 1414 366 1469 conferat
382 1412 542 1469 salutarem
560 1416 588 1467 et
601 1412 691 1468 vitam
707 1411 849 1469 diutinam
863 1415 893 1467 et
907 1409 963 1464 vio·
1013 1412 1170 1467 extendere
1184 1424 1289 1468 manue
1300 1418 1376 1468 tuus.
1391 1412 1493 1469 Nescis
1503 1414 1582 1485 quod
1595 1429 1670 1470 eum
1683 1414 1748 1471 Osa
1760 1431 1844 1472 mean

132 1503 242 1559 tortam
259 1502 344 1558 nubis
365 1503 464 1557 donet.
480 1501 625 1557 Volumus
641 1507 673 1556 ut
688 1500 817 1557 Ecclesia
832 1500 963 1556 Romana
1015 1499 1133 1557 imderis
1147 1504 1257 1557 temere
1275 1501 1432 1575 tetigisset,
1448 1504 1607 1559 sltomino
1628 1510 1794 1577 correptus
1806 1506 1843 1560 in·

133 1609 187 1649 nus
203 1591 309 1649 babeat
323 1592 529 1646 mandatorum
542 1595 729 1647 exsecutores
741 1606 879 1657 suorum;
893 1590 964 1660 quia
1015 1589 1104 1655 teriit,
1119 1595 1148 1645 et
1161 1590 1246 1647 Ozias
1268 1607 1326 1662 rex,
1343 1592 1413 1647 dum
1438 1591 1555 1649 adolere
1568 1591 1665 1649 vellet
1681 1594 1841 1666 incensum,

135 1698 189 1737 nus
205 1696 262 1736 uon
284 1697 388 1737 sumus
413 1680 477 1750 eius
501 1680 626 1745 domini,
643 1681 693 1736 sed
721 1678 861 1735 ministri.
878 1679 963 1734 Peter
1015 1676 1102 1750 lepre
1117 1681 1232 1736 macula
1254 1686 1298 1736 est
1318 1681 1490 1752 respersus?
1513 1681 1721 1740 considerare
1746 1686 1842 1757 quippe

135 1775 246 1837 sancte,
262 1770 356 1826 valeat
376 1769 518 1826 sauctitas
532 1775 642 1838 vestra,
659 1770 861 1825 subveniendo
877 1766 962 1823 nobis
1018 1768 1162 1826 debueras
1177 1774 1206 1824 et
1220 1768 1323 1827 timere
1339 1787 1374 1825 ne
1389 1770 1463 1826 iurte
1480 1775 1600 1843 propter
1616 1771 1735 1830 delicta
1751 1776 1843 1843 prede·

135 1860 165 1914 in
180 1860 291 1915 nostris
307 1858 510 1930 petitionibus,
522 1874 587 1929 qum
603 1874 655 1930 pro
670 1858 755 1914 nobis
767 1862 796 1913 ct
812 1875 864 1931 pro
882 1862 962 1912 terra
1017 1872 1167 1914 cessurum
1179 1859 1366 1931 tuorum,qui
1377 1860 1509 1931 quedam
1523 1860 1702 1933 spiritualia
1712 1864 1771 1919 eibi
1785 1881 1842 1936 pre·

135 1954 237 2004 nostra
249 1949 404 2003 mittentur
414 1948 450 2003 ad
462 1964 523 2003 vos.
534 1951 695 2020 Hucusque
708 1948 756 2020 pia
768 1946 963 2003 mansuetudo
1016 1954 1207 2020 sumpserant
1228 1965 1380 2021 usurpare,
1397 1949 1458 2005 baec
1473 1954 1686 2022 supervenerit
1700 1954 1841 2009 tribulatio

132 2043 230 2095 vestra
244 2042 362 2094 nostres
374 2052 474 2109 preces
489 2043 518 2092 et
534 2038 689 2108 petitiones
705 2036 830 2109 benigue
843 2035 960 2108 recepit,
1016 2051 1075 2108 qua
1089 2054 1263 2109 oppressum
1279 2043 1324 2094 est
1338 2038 1482 2095 hactenus
1495 2045 1525 2095 et
1540 2040 1643 2096 adhuc
1660 2043 1810 2114 premitur
1821 2046 1843 2097 et

132 2131 162 2183 et
176 2128 254 2199 quod
270 2127 345 2182 bono
361 2125 501 2181 inchoata
518 2131 562 2181 eat
589 2127 743 2197 principio,
761 2125 876 2197 placido
894 2139 962 2180 oon·
1016 2127 1149 2198 quatitur
1163 2144 1286 2200 reguum
1299 2133 1392 2193 tuum,
1405 2133 1434 2184 et
1444 2128 1598 2185 humiliari
1611 2130 1812 2188 nibilominus
1821 2133 1843 2187 in

132 2221 275 2291 aequatur
288 2218 408 2283 edectu3
425 2216 496 2287 quia
516 2214 572 2270 nisi
591 2216 753 2287 patrocinio
768 2221 865 2272 vestro
884 2219 961 2271 terra
1016 2221 1174 2288 conspectu
1195 2216 1348 2285 ditissimi,
1365 2221 1398 2272 ut
1421 2217 1552 2289 placatus
1568 2226 1766 2278 converteret
1787 2239 1844 2295 pro·

132 2312 161 2363 et
174 2308 213 2361 im
219 2307 332 2378 perium
346 2309 481 2360 nostrum
495 2305 587 2359 totius
599 2304 746 2359 leumaniae
762 2309 890 2373 regatur,
902 2318 960 2361 non
1015 2304 1119 2361 cellam
1135 2308 1165 2361 in
1175 2323 1289 2373 auram,
1300 2312 1329 2363 et
1338 2312 1465 2364 cessaret
1478 2308 1634 2379 quassatio
1645 2313 1845 2385 comprimens

132 2401 177 2451 est
193 2395 317 2449 dubium
332 2393 403 2463 quin
420 2393 612 2460 succumbat;
629 2393 680 2448 sed
696 2393 721 2448 si
734 2399 863 2449 vestrum
879 2394 960 2450 auxi·
1014 2399 1044 2451 et
1059 2396 1248 2452 conturbans.
1260 2400 1342 2454 Certe
1353 2396 1378 2453 si
1395 2395 1501 2454 melius
1512 2400 1688 2456 notavisses
1702 2400 1765 2457 hmo
1780 2408 1807 2457 et
1819 2418 1846 2457 aa

133 2483 208 2541 lium
224 2481 427 2547 habuerimus,
444 2478 527 2536 oedet
548 2481 633 2536 nobis
658 2481 821 2539 adversitas
844 2481 957 2555 prelio·
1014 2499 1081 2556 quas
1096 2485 1195 2558 regnis
1208 2485 1321 2542 caeteris
1338 2492 1499 2543 evenerunt
1512 2487 1672 2560 inquibus
1690 2489 1731 2547 iis
1745 2491 1845 2547 similia

133 2588 210 2627 rum.
227 2568 306 2625 Nihil
322 2568 400 2625 enim
415 2586 573 2642 possumus
588 2569 652 2625 sine
667 2568 760 2626 vobis.
773 2570 876 2627 Videte
891 2589 959 2643 ergo
1014 2574 1130 2629 luerunt
1145 2578 1299 2646 attentata,
1311 2575 1462 2632 timuisses
1479 2577 1585 2650 utique
1606 2595 1737 2636 manum
1753 2582 1783 2636 in
1797 2581 1846 2637 cic·

135 2665 168 2716 ut
182 2661 260 2733 quod
277 2661 350 2715 bene
366 2658 497 2732 coepietis
513 2659 542 2714 in
560 2659 696 2727 Domino,
709 2677 795 2733 opere
811 2661 960 2735 complea—
1014 2663 1090 2720 risos
1105 2664 1259 2720 extendere
1272 2663 1401 2733 ultionis,
1414 2681 1466 2738 pro
1476 2682 1510 2722 eo
1522 2668 1601 2739 quod
1616 2669 1656 2723 ad
1670 2670 1776 2726 sedem
1787 2688 1846 2743 ape

136 2751 187 2807 tis.
1013 2752 1147 2809 stolicam
1163 2753 1365 2826 {appellarant
1381 2770 1435 2811 neo
1458 2772 1475 2811 a
1500 2771 1592 2827 reguo
1617 2759 1846 2832 proscripsisses

170 2839 277 2895 Datum
301 2834 331 2894 lo
352 2837 536 2909 expeditione
561 2840 661 2896 nostre
682 2836 841 2910 pamphil,
857 2855 958 2897 mense
1012 2843 1141 2913 eosdem,
1154 2858 1220 2898 curn
1236 2850 1263 2899 et
1277 2844 1301 2899 si
1313 2849 1342 2899 te
1353 2844 1528 2915 gravissime
1540 2844 1758 2921 odendissent,
1770 2850 1847 2906 nobis

132 2927 315 3000 Septembri,
343 2926 503 2983 indictione
525 2944 582 2998 xu,
608 2927 724 3000 imperii
755 2929 848 2984 nostri
882 2934 958 2987 anno
1012 2931 1139 2988 vindicta
1154 2932 1258 2988 luisset
1273 2933 1371 3005 potius
1384 2934 1671 3008 reservanda3quia
1685 2940 1845 2996 secundm

133 3017 228 3075 tertio.
1012 3020 1186 3093 apostolum
1198 3037 1301 3078 servus
1312 3038 1368 3080 suu
1378 3024 1498 3078 domino
1509 3029 1568 3080 stat
1580 3030 1634 3081 aut
1647 3029 1745 3096 cadit,
1754 3046 1807 3086 nec
1816 3029 1846 3086 ed

486 3132 604 3192 CCVIII·
973 3082 994 3152 ὓ
1012 3114 1040 3168 te
1046 3110 1180 3182 judicare
1192 3122 1309 3168 servum
1324 3112 1450 3185 pertinet
1461 3113 1602 3169 alienum.
1613 3116 1735 3174 Verum
1748 3119 1847 3175 luntas·

151 3226 324 3283 eaiarssmo
344 3242 373 3280 m
392 3232 512 3281 usarsro
532 3236 606 3280 aruo
629 3230 788 3281 senebruno
808 3242 938 3284 recusam
1007 3198 1050 3300 Ψ
1064 3215 1098 3300 ῩΧ
1113 3214 1146 3256 ⁰⁰
1162 3205 1190 3256 ιθ
1208 3205 1297 3274 Ριηιιθ
1316 3202 1461 3303 ⁰ff⁰¹f⁸¹¹¹¹¹
1476 3203 1555 3305 ‘1¹{0d
1573 3203 1604 3259 5¹¹
1621 3207 1762 3278 quodam
1777 3210 1845 3279 (99Ι

441 3312 507 3352 near
527 3310 645 3352 armare.
1008 3289 1159 3362 pravilegio
1183 3292 1450 3363 predecessoribus
1472 3296 1532 3348 tuae
1557 3309 1720 3364 concesso,
1736 3298 1799 3355 imo
1812 3300 1843 3354 ab

203 3412 342 3470 Suadam,
355 3429 390 3469 ,ω
399 3410 624 3485 jun-mmmmm
641 3414 818 3485 mmmm
832 3414 887 3471 sibl·
1008 3378 1094 3435 initio
1110 3380 1204 3452 magis
1215 3385 1337 3481 extorto,
1350 3382 1385 3437 de
1396 3381 1652 3484 appellationibus
1664 3389 1844 3488 continetur,

484 3483 613 3539 vindicer,
1009 3469 1094 3540 quast
1117 3469 1292 3541 appellando
1317 3470 1429 3542 prelati
1455 3470 1555 3527 cleric-a
1582 3484 1726 3532 venerius
1750 3484 1845 3534 conus

1009 3556 1095 3614 illud.
1112 3558 1167 3614 Sed
1193 3558 1218 3614 si
1243 3558 1416 3631 diligentius
1441 3559 1621 3617 attendisses
1648 3566 1727 3637 quid
1753 3577 1843 3623 sctum

1011 3646 1099 3701 inerit
1110 3663 1199 3719 super
1214 3647 1249 3702 iie
1265 3653 1397 3720 tempore
1408 3647 1491 3704 olere
1508 3652 1664 3708 memoriae
1682 3655 1844 3729 imperatri-

168 3737 208 3793 ιιι
223 3740 324 3791 tenure
338 3733 502 3791 litterarum
516 3737 636 3791 tuarum
652 3736 762 3792 nostris
778 3741 822 3792 est
838 3737 958 3796 auribus
1011 3736 1052 3792 cis
1064 3736 1330 3802 Constantiae,tuno
1342 3737 1574 3810 remansionis,
1589 3743 1710 3802 nostris
1723 3751 1792 3811 tue,
1803 3762 1843 3801 ne·

132 3824 304 3881 intimatum
320 3824 398 3895 quod
412 3822 622 3880 Panormitam
635 3824 768 3882 licclesia
781 3827 899 3884 viduata
911 3844 959 3900 pa·
1011 3840 1160 3898 quaquam
1177 3825 1206 3880 id
1223 3827 1258 3881 ad
1274 3825 1406 3882 animum
1424 3843 1603 3886 revocasses.
1615 3835 1698 3889 Cum
1709 3836 1790 3891 enim
1803 3853 1843 3890 aa·

133 3918 222 3983 sture,
242 3911 405 3985 capitulum
421 3913 556 3983 ejusdem
577 3913 712 3969 lieolesie
728 3914 781 3970 tibi
807 3915 959 3974 multoties
1011 3914 1076 3970 dum
1093 3912 1287 3970 venerabilem
1312 3916 1432 3972 tratrem
1458 3924 1594 3975 nostrum
1612 3920 1840 3995 Neapolitanum

132 4002 335 4076 supplicarunt
350 4006 383 4057 ut
397 4001 439 4057 eis
455 4002 597 4073 preberes
620 4001 767 4058 licentiam
792 4005 958 4076 pontificem
1011 4003 1263 4076 archiepiscopum
1280 4010 1308 4060 et
1322 4005 1445 4062 dilectos
1461 4006 1536 4063 illios
1554 4007 1643 4067 Ham.
1663 4014 1843 4073 archidiaco-

133 4091 464 4166 eiigendi‚qulbuseum
476 4092 595 4147 tandem
611 4090 772 4163 benignum
782 4095 958 4166 praebuisses
1012 4109 1082 4148 uum
1097 4092 1427 4166 catunie,3mngietrum
1444 4095 1588 4153 Thornam
1605 4100 1647 4157 de
1665 4105 1773 4161 Gaiete
1782 4107 1843 4178 jus·

133 4196 300 4250 assensum,
317 4181 463 4236 mandans
487 4180 599 4236 eisdem
626 4184 658 4235 ut
682 4180 815 4237 invocata
831 4184 958 4256 Spiritus
1010 4182 1153 4249 tiliarum,
1179 4187 1208 4239 et
1234 4183 1386 4239 Nicolaum
1411 4185 1544 4256 judicem
1570 4187 1775 4262 Vigiiiensem
1799 4212 1844 4269 pru

132 4270 227 4329 sancti
250 4269 400 4343 gratio'ln
426 4284 579 4341 personam
605 4269 741 4326 idoneam
758 4272 957 4342 convenirent,
1010 4271 1176 4327 innovando
1201 4273 1338 4344 predicto
1364 4273 1515 4346 privilegio
1539 4280 1569 4331 et
1592 4282 1793 4339 concedendo
1816 4301 1845 4340 ar

133 4366 246 4428 eantur,
263 4364 428 4426 succentor,
439 4362 468 4414 et
483 4359 602 4430 quidam
619 4358 696 4414 alius
711 4378 728 4415 a
742 4360 865 4433 reliquis
879 4378 957 4419 rece·
1010 4360 1213 4415 confirmando
1229 4359 1255 4416 ei
1270 4376 1304 4415 ac
1319 4360 1371 4417 tibi
1388 4377 1476 4432 reguo
1497 4363 1532 4418 ad
1553 4372 1698 4425 nostram
1718 4388 1844 4444 praescn-

133 4453 236 4507 dentes
255 4449 315 4505 tuis
326 4447 515 4519 jussionibus
536 4449 720 4518 restiterunt,
734 4451 801 4522 ejus
815 4467 956 4508 conuene-
971 4445 995 4510 l]
1009 4449 1080 4505 tiam
1096 4450 1281 4520 destinasset,
1297 4454 1324 4505 et
1340 4448 1382 4506 illi
1403 4468 1456 4523 pro
1476 4450 1513 4507 iis
1528 4453 1748 4528 multipliciter
1763 4463 1844 4519 insti·

134 4541 208 4597 nicia
224 4537 392 4594 inhibentes
407 4550 444 4592 ne
454 4538 490 4593 ad
507 4539 738 4595 nominationem
755 4542 956 4612 procederent,
1010 4537 1126 4607 tissent,
1138 4555 1196 4594 nun
1210 4544 1370 4612 potuerunt
1380 4556 1397 4595 a
1407 4540 1699 4615 nobisaliquatenue
1714 4553 1845 4610 obtinere

133 4630 168 4686 ad
194 4628 294 4683 sedem
319 4625 508 4699 apostolicum
533 4626 721 4703 appella-ndo.
736 4629 902 4702 Superque
923 4635 955 4688 tu
1011 4632 1044 4682 ut
1070 4627 1143 4683 illud
1168 4627 1311 4685 vellemus
1335 4629 1520 4702 privilegium
1550 4633 1711 4709 innovare,
1729 4650 1845 4716 propter

130 4715 320 4772 vehementer
343 4715 704 4787 commotus‚disposuleti
724 4718 831 4773 acriter
845 4719 874 4774 in
890 4734 955 4790 per·
1010 4722 1136 4788 quatuor
1147 4716 1274 4789 capitula
1285 4733 1349 4789 qus
1359 4719 1590 4778 continebantur
1606 4725 1640 4781 in
1657 4731 1845 4807 eo(130),vi·

130 4816 218 4863 sonas
228 4816 330 4859 eurum
342 4802 480 4874 injuriam
492 4802 662 4875 hujusmodi
674 4806 833 4873 vindicare,
841 4808 892 4862 sed
904 4824 955 4879 pro
1010 4808 1115 4865 delicet
1124 4809 1161 4865 de
1173 4808 1314 4879 conciliis,
1326 4808 1534 4882 legationibus,
1546 4816 1812 4887 appellationibus
1821 4832 1846 4880 et

128 4891 290 4952 reverentia
305 4897 407 4948 nostro
430 4896 460 4948 et
478 4893 590 4951 ordinis
606 4894 750 4951 clericalia
766 4899 847 4952 motu
863 4897 955 4953 animi
1010 4897 1204 4955 electionibus
1217 4897 1414 4972 prelatorum.
1425 4900 1556 4958 Tandem
1567 4920 1641 4963 vero
1654 4909 1718 4968 duo
1730 4912 1844 4970 illorum

128 4986 303 5058 temperato,
319 4981 414 5038 selum
432 4981 475 5038 ais
490 4983 626 5039 exsilium
643 4983 788 5055 indixisti,
805 4990 836 5040 ut
851 4987 886 5042 de
900 5004 954 5042 cae·
1009 4988 1045 5057 ad
1076 4989 1217 5060 predicte
1242 4987 1344 5044 matris
1369 4992 1426 5044 tus
1454 4990 1647 5062 presentiam
1673 5001 1843 5067 redeuntes.

128 5081 190 5132 tero
206 5075 236 5130 iu
252 5088 343 5144 reguo
358 5077 410 5126 tuo
425 5071 608 5144 malignandi
625 5072 778 5129 materiam
794 5090 851 5131 non
868 5076 954 5132 bobe-
1009 5077 1130 5150 reliquis
1154 5078 1232 5150 apud
1259 5079 1359 5133 eodem
1385 5078 1577 5149 apostolicam
1603 5093 1843 5157 remanentibus,

128 5165 291 5237 rent,quod
305 5161 342 5218 ob
353 5162 409 5218 boc
424 5161 510 5217 nobie
524 5160 823 5233 signiucarecurasti,
836 5182 871 5222 na
887 5180 952 5238 per·
1007 5170 1206 5239 exposuerunt
1220 5166 1313 5223 eidem
1329 5183 1420 5239 super
1440 5168 1477 5224 iis
1493 5174 1600 5227 nostres
1619 5174 1842 5250 beneplacitum

127 5255 243 5311 suaderi
260 5250 344 5307 nobie
360 5260 458 5322 posset
467 5248 544 5305 aliud
559 5250 595 5306 ab
608 5251 730 5308 eisdem.
742 5254 801 5310 Nos
814 5255 904 5327 igitur
916 5257 953 5312 iis
1007 5258 1178 5327 voluntatis3
1196 5258 1320 5314 cuicum
1332 5258 1446 5324 eadem,
1457 5259 1535 5315 sicut
1546 5259 1694 5337 religiosa
1706 5285 1840 5341 persona,

126 5341 237 5400 auditis
260 5339 357 5396 mirail
382 5339 495 5395 luimus
520 5355 578 5395 non
603 5341 752 5399 modicum
768 5344 951 5401 etcommuti
1007 5347 1192 5420 acquiescere
1215 5346 1390 5414 studuisset,
1410 5347 1500 5405 tidem
1524 5350 1561 5406 ad
1587 5355 1696 5413 sedem
1723 5370 1840 5434 aposto·

165 5467 239 5539 (129)
254 5465 329 5522 Vide
344 5464 451 5525 Boron.
469 5464 504 5522 ad
520 5482 568 5523 an.
586 5468 665 5525 1097.
1041 5471 1115 5542 (130)
1131 5471 1203 5526 Vide
1217 5470 1373 5544 epistolam
1395 5470 1536 5530 Wiltelml
1559 5476 1644 5550 regis
1668 5480 1710 5540 ad
1737 5486 1837 5544 Adria·

1005 5560 1078 5600 num
1093 5542 1139 5614 lV,
1156 5545 1233 5617 apud
1249 5542 1398 5601 Rooobum
1416 5544 1542 5602 Pirrtlm·

334 3600 493 3673 (Laterani,
508 3617 526 3655 v
541 3601 583 3657 ld.
599 3600 757 3673 ianuarii.)
