3780 6000
33 1074 37 1079 '
144 1062 968 1140 scriptamandamuseteistrietepreeipimnequatenns

54 2010 59 2021 .
146 1965 192 2019 tas
202 1959 327 2017 ulterius
337 1964 456 2032 propter
467 1958 521 2015 hoc
532 1958 567 2014 ad
580 1956 678 2013 sedem
689 1952 879 2028 apostolicam
889 1951 972 2008 labo·

143 221 213 278 titt
610 220 819 277 mrtocsuru
839 219 880 271 111
897 219 952 273 1³1³.
972 170 1220 277 sunbernionis
1237 222 1306 278 ΗΒ.
1325 223 1374 278 xl.
1806 223 1851 279 ltu
1867 284 1876 297 ,Ι

143 350 219 406 iuter
232 349 312 422 ipsos
325 363 360 404 ex
375 350 458 422 parte
468 362 528 403 nna
542 349 571 403 at
582 346 737 418 praefatum
749 329 969 416 magistrume'x
982 345 1010 412 Α
1024 343 1085 401 illio
1100 350 1201 402 nostro
1223 346 1361 419 Gregorio
1385 345 1539 404 Theodori
1570 344 1713 402 diacono
1737 348 1847 407 cominu

144 433 969 508 alteracoramdictoabbateacoonJudicibussuissuper
1023 433 1191 506 apostolicae
1216 436 1296 492 sedis
1321 435 1429 509 legato,
1454 436 1504 493 cui
1532 434 1696 492 dilectum
1722 435 1812 493 filiun
1827 450 1844 495 tt

144 528 310 601 receptione
325 527 419 600 ipsius
434 526 463 581 in
479 541 581 581 eorum
591 523 721 580 Ecclesia
735 523 858 596 quaestio
873 525 967 577 verte·
1022 524 1191 599 acolythum
1217 533 1348 583 nostrum
1364 545 1380 583 a
1395 525 1487 584 latero
1512 531 1631 584 nostro
1656 528 1843 586 emmim:

143 623 236 688 retur,
252 617 339 674 iidem
352 616 468 688 jndices
484 616 515 670 in
530 614 646 687 negotio
659 613 723 685 ipso
736 627 888 685 perpetem
898 626 965 683 pro·
1021 614 1162 672 duximus
1180 615 1413 689 adjungendum.

144 710 291 778 cedentes,
307 713 372 780 post
387 705 612 779 appeliationem
628 705 663 761 ad
675 721 728 760 nos
738 702 867 773 legitime
877 701 969 757 inter·
1367 732 1481 790 CXXXI

144 799 268 872 positam
280 797 411 870 iniquam
419 794 582 852 retulerunt
590 794 765 850 sententiam
774 796 876 848 contra
888 791 968 863 ipsos
1491 773 1498 789 ’

141 887 272 945 volentes
295 887 428 958 ejusdem
454 885 587 958 magistri
603 883 755 941 laboribus
779 886 809 938 et
832 880 968 953 expensis

146 978 234 1036 linem
258 978 408 1049 imponere
423 975 593 1033 discretioni
617 978 718 1031 vestros
734 989 785 1046 per
808 968 969 1044 apostolica

1021 836 1160 878 (laeuone
1175 838 1270 879 eaucrt
1284 838 1422 879 renonem
1436 837 1565 880 biscocto
1581 839 1742 880 CaniNALl
1755 841 1843 882 malt·

1105 927 1176 968 ems
1190 927 1268 969 ernis
1283 929 1485 981 enarrarre.
1501 929 1666 970 Aconrrso
1682 930 1794 972 somno.

1330 1005 1368 1060 Dc
1380 1002 1478 1059 eodem
1494 1019 1540 1059 re.

1058 1108 1130 1173 Quia
1144 1112 1264 1182 propter
1279 1109 1421 1167 fervorem
1436 1109 1552 1167 estatis
1569 1128 1638 1168 non
1655 1116 1840 1184 possumnsat

1022 1214 1151 1270 presens
1160 1199 1338 1256 descendere
1347 1198 1377 1255 in
1387 1199 1541 1273 Apuliam,
1554 1199 1646 1259 vices
1659 1203 1840 1259 nostrasrot'u

1023 1287 1160 1344 duximus
1171 1288 1410 1358 committendas,
1421 1291 1453 1344 ut
1463 1288 1840 1364 ordinationemquamfeti·

1023 1392 1090 1432 mus
1103 1393 1192 1450 super
1206 1394 1349 1434 succursu
1362 1383 1391 1434 et
1399 1378 1550 1449 adjutorio
1563 1378 1653 1452 regis
1664 1381 1840 1438 etdefeusioer

1023 1481 1056 1521 ao
1072 1482 1142 1539 pace
1158 1469 1240 1541 regni
1256 1467 1428 1540 proponatis
1443 1467 1626 1537 comitibus,
1644 1469 1802 1527 baronibus
1812 1480 1839 1526 u·

1024 1571 1080 1627 que
1102 1555 1215 1613 civibus
1231 1573 1284 1629 per
1304 1555 1437 1630 Apuliam
1452 1557 1654 1625 constitutis,
1670 1563 1704 1615 et
1724 1559 1839 1615 indueris

144 1157 263 1216 sublato
285 1156 445 1228 qunslibet
459 1152 698 1212 contradictionis
717 1156 746 1209 ot
763 1148 968 1224 appellationis

145 1246 308 1316 obstaculo,
324 1248 456 1303 revocato
472 1245 502 1300 in
518 1249 628 1300 statum
645 1241 777 1298 debitum
794 1238 903 1312 siquid
918 1252 969 1310 per

74 1350 81 1359 '
144 1337 317 1409 hujusmodi
341 1335 454 1391 litteras
469 1331 637 1390 inveneritis
652 1332 854 1399 immutatum,
875 1329 969 1383 dictas

145 1427 318 1494 sententias,
342 1423 531 1479 diffinitivam
556 1421 701 1489 videlicet,
718 1424 751 1476 ut
774 1422 819 1475 cst
831 1417 926 1487 justa,
941 1421 969 1472 et

145 1515 349 1589 suspensionis
365 1518 393 1570 et
407 1510 732 1578 excommunicationis,
748 1509 826 1565 sicut
840 1505 969 1562 rationa-

145 1600 720 1676 bilitersuntprolatae,faciatisusquead
737 1596 968 1655 satisfactionem

146 1695 322 1767 condignam
339 1708 558 1766 percensuram
575 1689 804 1747 ecclesiasticam
821 1685 969 1743 inviolabi·

146 1781 214 1840 liter
225 1783 383 1851 observari,
398 1780 522 1838 sollicite
538 1779 683 1851 provisuri
700 1794 735 1834 nc
752 1792 803 1849 per
821 1775 969 1831 defectum

1024 1645 1841 1722 cosdemutadexsmplaeorumquiordinutionemipsm

984 1719 1009 1786 B
1025 1735 1102 1805 apud
1112 1739 1251 1792 Sanctum
1262 1736 1441 1792 Germanum
1454 1737 1607 1794 innostra
1620 1740 1843 1811 prasentirjurr·

145 1875 277 1928 restrum
293 1869 674 1942 multipliceturmemorato
692 1866 832 1936 magistro
842 1862 970 1920 necessi·
1024 1826 1242 1925 ,verfmt’jumnt
1257 1824 1534 1926 et,ip⁸.i·⁵⁰:fidelit⁰¹
1546 1830 1843 1895 ⁸⁰N⁸t¹²¹⁸⁰⁸'d⁰⁰⁵⁰

1025 1929 1110 1985 ipsis,
1134 1930 1208 1987 quos
1224 1929 1319 1986 magis
1344 1915 1464 1971 idoneos
1479 1915 1704 1987 provideritis,
1731 1918 1843 1990 magisne

1024 2003 1199 2075 Capitaneos
1215 2006 1388 2059 statuentes.
1404 2002 1550 2068 Quocirca
1566 2004 1755 2063 discretioni
1768 2012 1844 2063 vestre

1024 2108 1075 2164 per
1091 2090 1252 2164 apostolica
1262 2091 1373 2164 scripta
1384 2092 1567 2149 mandamus
1583 2100 1749 2166 quatenus
1762 2096 1788 2152 id
1798 2112 1845 2169 pru·

1024 2184 1127 2240 denter
1141 2188 1170 2239 et
1184 2182 1342 2239 efficaciter
1355 2183 1474 2256 exsequi
1489 2186 1684 2255 procuretis.

1059 2274 1090 2328 lu
1104 2273 1218 2329 nomine
1232 2273 1352 2329 Domini.
1368 2276 1463 2328 Amen.
1474 2272 1715 2332 ordinationem
1724 2293 1799 2350 quom
1810 2275 1846 2332 do·

1022 2365 1117 2418 minus
1125 2364 1300 2418 innocentius
1310 2363 1490 2433 praefecerit
1501 2378 1590 2436 super
1600 2372 1779 2422 succurreret
1787 2366 1848 2433 ulia·

1024 2451 1097 2509 torio
1111 2450 1220 2508 domini
1234 2453 1319 2521 repis,
1334 2458 1360 2506 et
1373 2466 1455 2524 super
1466 2467 1537 2524 poce
1547 2469 1584 2508 oc
1599 2453 1773 2526 determina
1786 2473 1848 2528 regu

1022 2557 1104 2614 epo...
1121 2541 1191 2597 bono
1204 2540 1259 2612 fide
1272 2541 1396 2612 cerroto,
1411 2545 1437 2598 et
1445 2556 1496 2614 pro
1506 2557 1589 2611 posse
1598 2560 1671 2601 meo
1682 2548 1791 2618 sociem
1799 2546 1850 2600 otiu

508 2608 608 2664 CXXX
1021 2630 1177 2687 observare.
1202 2628 1248 2685 Sic
1262 2645 1305 2686 me
1329 2631 1397 2687 Deus
1411 2629 1534 2703 adjacet,
1561 2636 1591 2688 et
1616 2632 1687 2691 faaec
1708 2639 1802 2691 ceneto
1819 2635 1852 2690 iii

145 2718 309 2769 courmeus,
326 2715 495 2768 araoumue,
512 2713 619 2753 ervrens
634 2714 667 2752 sr
687 2711 813 2752 carams
827 2709 913 2749 naum
928 2708 969 2751 rr·
1021 2718 1196 2792 Emergo,

304 2805 421 2845 exarnus
441 2804 470 2843 m
491 2802 597 2843 reuma
617 2800 809 2842 cousrmums.
1366 2825 1490 2884 CXXXII

247 2898 336 2970 Super
349 2896 487 2964 adiutorio
501 2893 661 2965 prestando
674 2891 737 2965 regi
751 2889 866 2947 Siciliae.
1494 2869 1501 2885 ’

146 2051 230 2107 randi
244 2068 251 2119 ;
267 2049 315 2122 qui
331 2047 483 2105 occasione
496 2045 605 2103 laboris
620 2043 791 2117 hujusmodi
802 2045 972 2099 attenuatus

147 2147 192 2198 est
205 2140 344 2214 graviter,
361 2155 419 2196 uon
439 2137 535 2194 solum
550 2137 579 2192 in
595 2136 693 2203 rebus,
718 2150 820 2191 rernm
836 2132 925 2188 ctiam
940 2130 971 2186 in

146 2247 281 2304 persona.
304 2228 399 2285 Nullis
424 2226 529 2282 litteris
554 2224 670 2280 veritati
694 2228 750 2279 etc.
765 2222 846 2287 Quod
872 2219 897 2277 si
913 2236 970 2276 non

146 2336 284 2376 omnes...
301 2320 357 2374 duo
371 2320 512 2381 vestrum,
528 2320 583 2370 eto.

181 2413 290 2464 Datum
305 2407 394 2475 Soror,
409 2421 461 2460 vui
477 2404 546 2460 idus
557 2401 692 2474 Augusti,
704 2399 970 2474 pontificatnsnos·

147 2496 185 2554 tri
200 2513 278 2555 anno
294 2493 460 2552 undecimo.

1057 2920 1114 2992 (aa)
1131 2920 1196 2977 linc
1211 2923 1254 2977 esi
1271 2921 1416 2978 ordinatio
1435 2937 1523 2993 quam
1538 2922 1678 2981 facimus
1695 2943 1788 3001 super
1800 2943 1850 2983 sur·

180 3015 236 3088 (63)
252 3014 396 3069 affectum
423 3008 590 3066 dilectionis
605 3013 634 3064 et
649 3007 749 3077 gratia
774 3021 861 3079 quem
877 3004 968 3061 habe·
1022 3027 1109 3066 cursu
1125 3016 1154 3067 ct
1167 3010 1313 3082 adjutorio
1325 3009 1403 3084 regis
1413 3015 1543 3083 etsuper
1555 3029 1634 3084 pace
1648 3016 1851 3073 acdefensiore

145 3120 214 3162 mus
230 3104 265 3159 ad
291 3118 389 3174 rogem
407 3105 435 3156 et
454 3114 577 3171 regnum
602 3095 707 3152 Sicilie
731 3094 798 3151 licet
812 3094 841 3149 in
865 3085 1004 3154 multisC
1024 3100 1106 3173 regni
1120 3099 1237 3156 Sicilie.
1249 3099 1389 3158 Videlicet
1400 3103 1432 3155 nt
1444 3099 1560 3158 nobiles
1573 3101 1633 3157 viri
1647 3108 1683 3160 P.
1696 3103 1850 3162 &lanensis

145 3191 296 3251 multoties
312 3190 540 3254 ostenderimus,
556 3202 635 3242 nunc
650 3189 749 3241 tamen
764 3182 928 3240 evidentius
943 3186 971 3238 et
1024 3194 1052 3246 et
1067 3189 1101 3245 R,
1126 3190 1287 3246 Fundanus
1311 3189 1433 3247 comit„
1449 3189 1508 3246 sing
1531 3190 1682 3264 magistri
1703 3192 1848 3268 omnm,

145 3281 314 3356 expressius
325 3296 376 3353 per
387 3278 521 3335 effectum
533 3274 628 3348 operis
643 3275 892 3342 demonstramus,
903 3287 971 3328 eum
1025 3277 1134 3350 quibus
1149 3295 1238 3350 snper
1253 3278 1289 3334 iis
1303 3278 1332 3335 in
1347 3277 1456 3351 Apulia
1470 3294 1576 3337 omnes
1592 3282 1772 3340 intendant.
1794 3281 1848 3348 Oui·

144 3370 479 3447 propternereasitatem
490 3369 644 3437 urgentem
658 3364 689 3419 in
701 3378 824 3435 regnum
836 3377 973 3436 persone·
1024 3384 1141 3440 cunquc
1154 3367 1369 3424 ordinationem
1386 3368 1473 3426 istem
1484 3372 1674 3443 receperint,
1687 3373 1724 3429 ad
1738 3371 1848 3428 invicem

145 3461 213 3518 liter
227 3457 476 3523 descenderimus,
488 3454 600 3529 caeteris
612 3453 715 3509 mnndi
727 3451 852 3524 negotiis
863 3468 897 3508 ex
908 3467 972 3506 ma·
1024 3456 1080 3512 sibi
1097 3472 1197 3530 paoem
1209 3457 1374 3514 observent.
1387 3458 1453 3513 Ausi
1469 3457 1636 3530 quisquam
1655 3461 1696 3517 ab
1707 3460 1768 3518 2110
1779 3459 1850 3517 fuerit

146 3568 204 3625 gna
221 3555 303 3622 parte
316 3545 488 3621 postpositis
504 3547 623 3615 propter
637 3542 692 3598 boc
706 3557 809 3611 unum,
827 3540 896 3597 utin
908 3541 972 3613 ipso
1024 3544 1165 3616 offensus,
1182 3562 1238 3601 uon
1251 3545 1350 3602 statim
1363 3545 1523 3602 reoffendat
1533 3548 1683 3606 eumdem
1696 3567 1705 3619 ;
1720 3550 1773 3607 sed
1788 3548 1849 3622 apud

145 3638 280 3696 videlicet
295 3652 395 3709 pacem
417 3638 445 3690 et
457 3633 606 3705 justitiam
634 3632 840 3687 reformemus.
858 3631 971 3686 Bonum
1024 3635 1179 3705 predictos
1195 3634 1318 3691 comites
1330 3632 1477 3706 querelam
1493 3635 1638 3707 deponat,
1658 3638 1712 3710 qni
1737 3655 1800 3696 eam
1813 3653 1849 3693 se·

147 3744 215 3800 ergo
231 3725 346 3798 perlici
361 3722 484 3795 gratiam
501 3721 618 3778 initium
630 3720 768 3788 assecuti,
783 3734 971 3792 progressum
1024 3725 1154 3779 cundum
1169 3725 1312 3780 rationem
1329 3735 1358 3780 et
1373 3725 1622 3782 consuetudinem
1649 3728 1739 3801 regni
1757 3728 1850 3785 faciam

146 3817 330 3874 intendimus
346 3815 440 3871 facere
457 3811 620 3879 meliorem,
637 3816 668 3866 ut
684 3809 890 3881 finisoptimus
902 3809 972 3864 sub·
1025 3810 1186 3869 emendari.
1202 3812 1257 3877 Qui
1271 3816 1369 3869 autem
1385 3811 1601 3869 ordinationem
1621 3814 1716 3873 istam
1734 3818 1849 3890 recipcre

147 3908 298 3979 aequatur.
315 3903 452 3968 Quocirca
467 3901 652 3957 devotionern
667 3903 793 3954 vestram
815 3913 971 3954 monemus
1024 3900 1152 3958 noluerit
1167 3905 1219 3957 aut
1234 3917 1360 3972 servare,
1375 3905 1517 3974 tanquam
1533 3901 1634 3960 bostis
1652 3905 1794 3976 publicus
1806 3904 1849 3960 br·

147 3994 336 4054 exhortamur
350 3994 381 4049 in
394 3990 524 4056 domino,
539 4007 590 4061 per
598 3987 758 4062 apostolica
770 3987 853 4044 vobis
863 3987 973 4060 scripta
1023 3991 1139 4059 beatur,
1163 3995 1193 4047 at
1207 4007 1224 4046 a
1238 3992 1350 4047 ceteris
1374 3990 1574 4064 impugnetur.
1590 3990 1726 4051 Ducenti
1753 3995 1849 4052 aniliter

147 4085 343 4160 precipiendo
359 4082 534 4138 mandantes
547 4082 693 4150 quatenus
708 4076 785 4133 sicut
800 4076 928 4133 divinam
945 4079 973 4131 et
1024 4078 1190 4151 dirigantur
1204 4079 1232 4133 in
1248 4094 1421 4134 succursum
1431 4081 1460 4134 et
1474 4078 1662 4148 adjutorium
1675 4082 1759 4156 regis
1769 4096 1849 4154 nsque

82 4256 85 4263 Ι
147 4175 339 4249 apostolicam
351 4189 384 4228 ao
400 4170 508 4243 regiam
521 4168 646 4242 gratiam
659 4165 914 4233 abaramhabetis,
926 4182 972 4222 or·
1025 4169 1061 4224 ad
1077 4167 1221 4223 Kalendas
1234 4166 1428 4239 Septembris,
1444 4167 1588 4224 moraturi
1615 4185 1672 4242 per
1688 4188 1811 4228 manum
1824 4171 1848 4225 ir

146 4265 326 4322 dirutionem
343 4277 431 4335 qnam
448 4260 571 4317 fecimus
588 4273 678 4330 super
689 4257 766 4331 regis
783 4255 928 4327 adjutorio
943 4260 973 4312 et
1023 4256 1159 4328 expensis
1174 4271 1275 4312 eornm
1289 4273 1306 4312 a
1321 4255 1430 4328 quibus
1450 4255 1559 4314 fuerint
1573 4256 1734 4317 destinati.
1751 4260 1848 4318 Distri-

146 4371 301 4421 snccursu,
318 4350 491 4408 defensione
509 4365 543 4406 ac
567 4364 638 4421 pace
662 4346 756 4420 regni,
769 4346 805 4402 ad
825 4345 974 4419 exemplar
1024 4346 1154 4402 buantur
1168 4349 1267 4402 autem
1283 4347 1448 4403 secundum
1463 4345 1680 4404 extimatorum
1702 4350 1849 4407 arbitrium

146 4445 270 4500 aliorum
296 4441 437 4498 comitum
453 4444 482 4496 et
494 4439 637 4495 baronum
661 4454 694 4493 ac
718 4436 806 4493 etiam
822 4436 970 4492 civitatum
987 4446 1012 4512 1)
1027 4453 1103 4509 quos
1117 4436 1153 4493 ad
1170 4436 1225 4491 hoc
1240 4434 1407 4506 specialiter
1421 4434 1643 4509 deputabimus,
1662 4440 1850 4512 pensatisdr·

146 4531 294 4602 recipiatis
318 4529 451 4585 hilariter
465 4532 494 4584 et
517 4527 674 4583 efficaciter
688 4524 861 4591 observetis,
885 4528 971 4596 prout
1028 4524 1099 4581 bitis
1123 4523 1250 4580 servitiis
1265 4526 1295 4579 et
1318 4524 1445 4596 propriis
1468 4522 1633 4582 facultibus
1660 4527 1851 4584 comitumct

145 4619 211 4691 ipsa
234 4618 379 4674 ordinatio
403 4618 433 4672 in
458 4614 614 4687 capitulari
643 4614 811 4671 continetur
833 4628 972 4685 expressa
1024 4615 1169 4671 baronum
1186 4629 1219 4669 ac
1234 4612 1321 4668 etiam
1338 4613 1509 4682 civitatum;
1526 4613 1649 4685 proviso
1665 4617 1762 4673 etiam
1777 4623 1809 4674 ut
1822 4617 1849 4672 et

146 4705 229 4763 bulla
239 4705 470 4773 nostramnnito‚
483 4703 633 4776 magistris
643 4701 809 4775 capitaneis
820 4700 972 4758 humiliter
1025 4720 1100 4778 opus
1114 4718 1217 4760 eorum
1240 4702 1380 4759 victualis
1394 4703 1571 4776 dirigantur.
1597 4702 1749 4764 Civitates
1764 4714 1850 4764 antem

145 4796 332 4852 intendentes
344 4794 392 4865 qui
409 4794 445 4848 ad
461 4791 823 4862 excusationemipeinsde
834 4791 971 4848 mandato
1025 4793 1149 4849 comites
1164 4796 1193 4848 et
1217 4792 1341 4849 barones
1357 4793 1490 4864 assignet
1511 4792 1541 4848 in
1564 4794 1698 4865 propriis
1725 4794 1851 4870 expensis

146 4891 246 4944 nostro
263 4884 373 4941 fuerint
388 4882 551 4950 constituti;
573 4899 609 4938 ne
628 4882 654 4938 si
675 4881 758 4950 forte,
775 4880 852 4953 quod
873 4880 969 4936 absitt
1026 4887 1139 4938 certum
1157 4897 1314 4938 numerum
1331 4881 1511 4938 bellarornm
1526 4880 1758 4942 admandatum
1774 4882 1851 4943 comi·

146 4975 307 5047 quiequam
324 4970 672 5045 praesumeretrefrngari,
683 4985 799 5042 posnam
812 4969 971 5043 inipsaor·
1025 4975 1088 5028 tum
1106 4971 1322 5044 predictorum,
1338 4971 1495 5044 siquando
1511 4985 1617 5044 guerra
1633 4977 1747 5032 eontra
1761 4990 1851 5047 ouen·

145 5063 295 5145 dirutione
311 5065 452 5120 statutam
467 5060 610 5128 incurrat,
627 5063 721 5116 atnoe
736 5075 843 5116 manus
855 5064 971 5117 nostras
1026 5077 1116 5134 qnam
1127 5065 1247 5133 propter
1257 5059 1311 5117 hoc
1322 5059 1410 5117 fuerit
1421 5059 1590 5118 exercenda.
1604 5062 1638 5117 lu
1653 5064 1801 5121 omnibns
1811 5079 1850 5119 au·

145 5155 176 5210 in
192 5171 259 5210 eum
284 5150 477 5226 spiritualiter
491 5166 523 5206 ac
539 5148 742 5222 temporaliter
765 5164 970 5222 aggravemus.
1026 5154 1086 5206 tem
1113 5165 1300 5207 reservamus
1314 5149 1400 5206 nobis
1424 5149 1589 5223 plenarium
1604 5155 1794 5223 potestatem
1812 5152 1851 5209 ad·

145 5242 220 5306 Quia
234 5258 301 5299 vero
312 5245 430 5314 propter
444 5241 586 5297 fervorem
607 5239 699 5294 etatis
715 5238 750 5294 ed
767 5254 897 5311 presens
912 5255 971 5295 non
1027 5239 1115 5297 dendi
1131 5248 1159 5295 et
1184 5238 1347 5308 minuendi,
1365 5238 1501 5297 mutandi
1517 5242 1547 5296 at
1570 5238 1763 5313 declarandi,
1780 5246 1852 5317 prout

144 5347 305 5404 possumus
320 5326 972 5403 personaliterdescendereiuApuliam,vices
1026 5328 1188 5386 viderimus
1203 5328 1349 5402 expedire.

145 5425 262 5479 nostras
276 5437 365 5491 super
379 5419 417 5477 iis
431 5418 633 5476 commitimus
649 5417 852 5491 exsequendas
866 5416 972 5475 dilecto
1424 5447 1460 5461 ·-

180 5565 235 5638 (03)
249 5564 323 5621 Vide
335 5566 423 5621 (testa
436 5562 538 5620 laroc.
555 5564 606 5620 ΙΙΙ.
622 5578 686 5634 cap.
703 5561 748 5617 40.
1063 5561 1120 5634 (04)
1135 5560 1209 5618 Vide
1223 5559 1312 5619 Gesta
1329 5560 1428 5620 lunoe.
1444 5559 1496 5630 111,
1511 5574 1578 5633 cap.
1593 5530 1640 5618 40.
