3780 6000
61 206 131 265 sees
556 212 818 274 mannasses
836 220 937 275 auso
953 220 1001 288 v1,
1019 220 1164 279 camari
1182 218 1263 278 ima.
1693 229 1764 289 saec
1836 202 1844 213 “

58 330 139 399 dum,
155 346 208 388 vos
228 330 477 392 interlocutoriam
502 335 667 409 protulistis
682 339 760 411 qued
787 339 884 397 dicius
897 345 928 412 Α
941 342 992 409 tis,
1009 343 1136 402 audiatis
1157 360 1276 402 cansam
1301 348 1330 402 et
1352 345 1547 418 appellatione
1569 355 1682 410 remota
1706 355 1766 413 flue

61 420 218 494 episcopus
239 427 341 480 centis
364 424 475 482 clerum
491 435 518 482 et
532 427 674 501 populum
700 446 752 502 per
774 430 887 487 litteras
942 432 1039 490 debito
1066 434 1242 504 terminetis,
1258 434 1397 491 iacientes
1412 436 1490 507 quod
1515 438 1699 500 decreveritis
1715 462 1766 517 per

61 510 128 568 illas
144 528 229 586 agere
243 531 302 573 nen
317 516 443 574 valebat.
460 520 554 585 Quare
571 520 649 577 idem
665 520 822 595 episcopus
836 540 888 579 vo·
904 594 910 605 ,
940 537 1097 579 censuram
1112 524 1339 580 ecclesiasticam
1356 525 1480 583 firmiter
1493 528 1653 587 observari.
1666 536 1766 592 Testes

60 601 108 659 bis
123 604 187 659 dari
202 605 232 661 in
249 608 399 664 mendatis
414 626 431 665 a
446 610 531 665 nobis
551 610 704 668 humiliter
719 611 889 685 postulabat
940 616 1050 684 autem,
1066 619 1122 670 stc.
1138 615 1219 681 Quod
1239 613 1264 670 si
1289 630 1347 670 nen
1363 631 1476 684 earnes,
1490 621 1545 674 etc.
1562 619 1619 677 duo
1633 626 1765 685 vestrum

62 696 95 747 ut
110 709 177 749 eum
197 700 257 752 tam
282 700 384 754 centra
398 698 579 756 abbatissam
596 717 686 773 quam
713 702 808 759 dictes
831 701 888 758 ele·

60 797 126 838 rum
143 788 172 839 et
182 784 325 857 populum
337 786 500 854 audientes,
511 789 541 844 in
552 806 642 846 causa
655 791 794 864 predicta
805 792 888 862 juata

61 871 168 942 prioris
185 874 314 931 mandati
340 877 431 932 nostri
446 882 578 934 tenorem
603 880 760 950 presedere
776 879 889 936 ratione

61 962 169 1032 previa
183 964 337 1021 curaretis.
351 968 484 1038 Cumque
508 966 632 1024 dilectus
644 967 723 1026 iilius
750 969 889 1042 magister

62 1051 92 1109 P.
110 1057 283 1124 procurater
298 1052 366 1111 cieri
383 1060 413 1111 et
432 1056 531 1129 populi
551 1056 698 1114 Jetrensis
712 1075 744 1114 se
760 1075 889 1131 oppene-

60 1149 105 1196 ret
120 1156 155 1197 ex
170 1143 302 1213 adverse,
313 1143 453 1201 dilectum
469 1146 564 1202 illium
579 1149 612 1203 A.
629 1146 845 1204 subdiaconum
860 1153 889 1204 et

59 1231 247 1303 capellanum
265 1239 399 1290 nestrum
418 1234 490 1306 ipsis
511 1236 649 1293 dedimus
664 1236 839 1294 auditorem.
856 1241 888 1295 ln

59 1320 146 1392 eujus
161 1323 318 1393 prasentia
344 1324 421 1380 idem
442 1324 581 1398 magister
596 1341 758 1399 proponere
784 1344 888 1400 procu·

62 1411 137 1466 ravit
150 1412 227 1482 qued
242 1428 310 1468 cum
324 1412 402 1468 idem
413 1414 570 1487 episcopus
581 1421 683 1472 centra
695 1417 888 1484 abbatissam,

61 1499 173 1555 clerum
189 1505 217 1556 et
234 1500 375 1573 populum
397 1501 562 1559 Jetrensem
583 1504 697 1561 litteras
712 1506 891 1578 apostolicas

62 1589 250 1661 impetrasset
260 1591 297 1646 de
311 1589 498 1648 libertatibus
509 1593 555 1648 vel
566 1591 801 1667 privilegiisque
816 1594 890 1664 ipsis

61 1679 162 1734 asede
178 1679 338 1751 apostoliea
353 1686 425 1736 sunt
446 1681 570 1750 indulta,
589 1699 715 1755 quarum
733 1685 889 1756 episcopus

59 1767 125 1838 ipse
141 1783 197 1821 non
214 1772 277 1822 erat
301 1769 434 1837 ignarus,
451 1769 533 1825 nulla
554 1771 674 1842 penitus
689 1772 790 1828 habita
805 1789 890 1829 men-

60 1855 150 1923 tione,
168 1857 344 1912 austeritate
370 1856 488 1914 illarum
509 1857 674 1916 litterarum
699 1877 784 1934 agere
799 1861 891 1917 voluit

60 1951 165 2002 centra
179 1963 239 2016 aes,
255 1951 285 2002 et
299 1954 418 2021 prepter
433 1951 651 2006 contumaciam
667 1950 736 2006 iecit
751 1953 781 2006 in
797 1951 889 2024 ipsos,

61 2039 128 2107 pest
153 2036 380 2108 appellationem
396 2040 432 2095 ad
449 2055 503 2095 nes
518 2038 648 2112 legitime
672 2041 889 2114 interpositam,

60 2125 375 2183 excommunicationis
398 2131 427 2183 at
453 2127 601 2184 interdicti
630 2130 794 2186 sententias
822 2146 891 2202 pro·

61 2211 203 2285 mulgari3
217 2230 290 2285 quas
303 2217 492 2287 postmodum
504 2216 678 2273 venerabilis
691 2218 782 2273 irater
792 2223 892 2275 noster

61 2300 264 2358 Cataianeosis
287 2304 443 2376 episcopus
468 2310 497 2361 et
519 2306 646 2362 dilectus
671 2307 750 2363 illius
773 2306 892 2363 Trium·

62 2389 199 2445 l'ontium
220 2392 312 2446 abbas
336 2393 510 2450 auctoritate
531 2395 693 2466 apostolica
716 2395 890 2467 relaxantes,

63 2480 197 2551 partibus
212 2485 324 2536 certum
340 2483 501 2538 terminum
517 2499 576 2555 quo
592 2499 623 2538 se
639 2489 739 2540 nestro
754 2500 893 2557 conspec-

63 2569 106 2623 tui
122 2573 332 2640 prasentarent
348 2571 383 2626 de
397 2572 536 2629 mandate
552 2572 807 2642 sedisapostolicae
821 2590 892 2644 prae·

64 2658 200 2714 ilxerunt.
224 2658 359 2730 Cumque
385 2665 591 2732 procuratores
616 2661 771 2733 utriusque
800 2661 892 2733 partis

61 2747 188 2803 termine
215 2748 376 2805 constitute
405 2749 532 2806 luissent
557 2751 586 2806 in
611 2754 712 2807 nostra
736 2752 893 2824 presentia

62 2837 227 2904 constituti,
245 2843 415 2910 procurator
431 2840 670 2913 ipsiuaepiseopi
687 2847 788 2898 centra
803 2842 892 2897 abba·

63 2925 168 2981 tisaam
192 2926 360 2998 intendens,
378 2927 453 2986 nibil
479 2930 598 3002 penitus
613 2935 713 2987 centra
738 2931 848 2987 clerum
865 2935 894 2987 ο1

63 3016 204 3088 populum
221 3034 381 3090 proponere
401 3021 578 3092 procuravit.
595 3021 677 3077 Unde
691 3022 728 3077 ad
743 3022 892 3078 suscitan-

63 3104 130 3160 dam
147 3111 248 3162 eentra
259 3107 371 3164 clerum
382 3114 412 3165 et
423 3109 564 3182 populum
575 3127 665 3182 quam
679 3111 770 3167 semel
783 3112 890 3168 emise-

66 3200 112 3249 rat
124 3196 317 3266 questionem
334 3198 450 3254 admitti
467 3201 576 3256 iterum
597 3216 656 3257 non
677 3199 895 3266 debebat.Quia

66 3298 131 3339 vero
143 3284 178 3339 de
190 3285 351 3356 premissis
362 3287 448 3343 nobis
460 3304 517 3344 nen
529 3289 626 3362 potuit
636 3288 699 3345 lieri
711 3288 798 3362 plena
808 3289 894 3357 ildss,

64 3372 147 3429 vebis
160 3374 196 3430 de
209 3377 361 3433 communi
378 3378 506 3450 partium
526 3396 651 3436 assensu
668 3397 719 3453 per
734 3380 896 3453 apostolica

64 3461 896 3541 scriptamandemusquatenustaminabbatisaamquam

65 3552 176 3608 olerum
192 3559 222 3610 et
237 3555 379 3628 populum
394 3558 562 3615 lotrensem
573 3559 659 3631 juxta
676 3558 896 3616 commissionis

64 3639 148 3696 vebis
165 3647 273 3699 sancta
288 3650 420 3702 tenorem
438 3648 552 3704 ratione
568 3647 676 3720 previa
690 3648 867 3720 procedatis.

102 3733 207 3786 itatem
224 3732 321 3791 liemae
332 3737 409 3808 apud
424 3737 566 3792 Sanctum
584 3741 702 3794 Petrum
718 3736 809 3794 Nonis
820 3738 896 3794 blar-

66 3818 109 3889 tii,
126 3820 315 3892 pentiilcatus
330 3826 423 3881 nestri
440 3843 517 3882 anne
534 3831 646 3883 octavo.

940 716 975 757 ea
990 701 1184 759 nihilominus
1199 709 1409 777 exsequantur.

975 789 1082 847 Datum
1098 791 1232 860 Viterbii,
1243 793 1338 848 vides
1351 792 1460 862 Martii,
1474 797 1662 867 pontificatus
1676 804 1767 861 nestri

940 895 1017 936 anne
1032 885 1147 953 quarte.

1321 988 1383 1045 vlt.

978 1096 1147 1169 Compositio
1167 1098 1244 1168 [netu
1257 1096 1332 1152 inter
1349 1099 1507 1171 episcopum
1526 1101 1692 1160 lteldsnsem
1705 1109 1732 1162 et

1188 1169 1337 1226 dulceium
1351 1173 1515 1228 lotrensem.

977 1276 1128 1333 Romanus
1143 1275 1332 1334 miseratione
1347 1276 1446 1334 divina
1466 1278 1565 1336 Sancti
1581 1280 1687 1354 Δοςο11
1702 1282 1767 1341 dia-

940 1384 1033 1424 conus
1048 1367 1208 1424 cardinalis
1222 1367 1388 1440 apostolica
1403 1369 1483 1426 sedis
1498 1369 1612 1443 lagatus
1627 1373 1766 1431 omnibns

941 1457 978 1513 ad
994 1473 1069 1528 quos
1095 1473 1221 1529 presens
1245 1458 1387 1530 scriptum
1414 1461 1579 1530 pervenerit
1598 1461 1628 1518 in
1643 1462 1769 1522 Domine

866 1594 871 1605 .
941 1545 1067 1603 salutem
1083 1552 1112 1603 et
1127 1548 1249 1604 sinceres
1262 1546 1431 1604 dilectionis
1446 1549 1595 1607 allectum.

978 1635 1096 1692 Noverit
1112 1636 1291 1694 universitas
1302 1642 1400 1694 vestra
1410 1639 1488 1709 qued
1500 1640 1624 1697 suborta
1639 1641 1716 1700 ieter
1726 1659 1771 1700 se·

903 1714 928 1781 B
942 1724 1102 1782 nerabiiem
1112 1730 1224 1798 patrem
1231 1730 1350 1782 Petrum
1362 1726 1532 1799 episcopum
1546 1729 1723 1788 ileldensam
1735 1748 1771 1789 ex

942 1821 1026 1888 parte
1036 1832 1097 1873 una
1109 1822 1138 1872 et
1149 1816 1271 1872 dilectos
1287 1815 1443 1873 intlbriete
1458 1817 1638 1877 abbatissam
1654 1825 1684 1877 et
1698 1838 1772 1879 con·

941 1906 1192 1970 ventum,clerum
1204 1910 1233 1962 ο1
1244 1904 1386 1978 populum
1396 1905 1562 1963 lonensem
1574 1924 1608 1964 ex
1619 1908 1711 1966 altera
1720 1927 1772 1967 sn·

943 2010 996 2067 per
1004 1993 1186 2064 subjectione
1195 1994 1292 2066 ipsius
1304 1995 1472 2051 monasterii
1484 1997 1691 2053 eteorumdem
1701 1997 1772 2056 cleri

943 2088 972 2138 et
988 2082 1086 2156 popuii
1103 2082 1225 2140 materia
1239 2084 1422 2155 questionis,
1439 2084 1516 2140 idem
1530 2084 1688 2159 episcopus
1702 2104 1772 2162 pm·

944 2172 1045 2244 posuit
1059 2172 1088 2227 in
1102 2174 1170 2244 jure
1184 2171 1318 2228 libellum
1333 2173 1505 2243 hujusmodi
1519 2179 1621 2230 centra
1635 2191 1687 2233 ees
1702 2194 1710 2235 :

980 2284 994 2312 n
1011 2262 1087 2319 Petit
1102 2260 1258 2317 tteldensis
1272 2261 1430 2334 episcopus
1444 2262 1482 2318 ab
1498 2262 1648 2320 abbatissa
1662 2269 1692 2322 et
1705 2282 1772 2324 eeu·

944 2355 1032 2407 ventu
1056 2349 1186 2408 Jetrensi
1202 2350 1280 2422 qued
1304 2350 1363 2406 sibi
1387 2349 1527 2406 obediant
1550 2355 1690 2424 tanquam
1717 2370 1771 2411 suo

944 2441 1082 2512 episcope
1101 2439 1131 2496 in
1146 2438 1366 2497 visitationibus
1380 2439 1533 2506 iaciendis,
1546 2437 1577 2498 in
1593 2442 1774 2515 corrigendis

945 2528 1124 2595 excessibus,
1133 2527 1163 2583 in
1174 2527 1391 2599 cognitionibus
1401 2545 1560 2586 eaemrum
1572 2532 1633 2586 tans
1642 2530 1773 2589 civilium

945 2633 1035 2690 quam
1051 2615 1252 2688 spiritualium
1265 2632 1354 2688 quam
1369 2616 1570 2673 criminalium
1586 2634 1712 2689 quarum
1726 2636 1773 2677 ee·

944 2705 1037 2778 gnitie
1047 2705 1085 2763 sd
1094 2705 1266 2776 episcopum
1276 2704 1477 2762 diaecesanum
1489 2703 1614 2777 pertinet
1628 2711 1772 2780 tanquam

945 2796 981 2851 ati
995 2794 1128 2866 judicem
1142 2792 1386 2861 scommaticum,
1402 2799 1431 2850 et
1455 2794 1484 2848 in
1509 2793 1709 2853 decisionibus
1723 2812 1775 2854 es·

944 2884 1092 2950 rumdam,
1108 2889 1139 2940 et
1153 2883 1183 2939 in
1205 2883 1241 2939 iis
1259 2900 1322 2955 que
1338 2883 1374 2939 ad
1391 2882 1588 2956 cognitionem
1605 2888 1634 2940 et
1648 2884 1773 2942 decisio-

945 2989 1012 3029 nem
1037 2972 1196 3046 pertinent,
1212 2972 1349 3029 videlicet
1372 2972 1401 3027 in
1427 2971 1571 3028 veniendo
1595 2972 1631 3029 sd
1657 2972 1776 3031 citatio-

904 3066 929 3140 c
947 3063 1053 3128 tiones,
1069 3061 1236 3134 recipiendo
1250 3062 1366 3119 dierum
1381 3061 1609 3134 assignationes,
1620 3067 1650 3118 st
1664 3064 1695 3118 in
1710 3062 1777 3120 aliis

945 3168 1011 3223 qua
1026 3151 1062 3209 ad
1078 3150 1276 3224 cognitionem
1292 3156 1321 3207 et
1335 3151 1515 3207 decisionem
1531 3150 1688 3220 pertinent,
1703 3157 1733 3208 et
1748 3151 1779 3209 in

946 3239 1150 3298 observatione
1174 3241 1385 3296 mandatorum
1411 3253 1533 3296 suerum
1549 3243 1578 3295 et
1597 3242 1780 3297 statutorum

946 3344 1070 3387 suorum
1091 3327 1303 3401 legitimorum,
1319 3334 1348 3384 ο1
1369 3326 1610 3400 processionibus
1636 3328 1780 3385 iaciendis

947 3421 1085 3493 episcope
1115 3416 1259 3474 Msidensi
1287 3419 1404 3490 quande
1432 3420 1500 3489 pest
1527 3415 1779 3473 consecrationem

947 3524 1033 3565 suam
1050 3507 1145 3580 primo
1155 3507 1267 3564 accedit
1281 3508 1319 3564 ad
1333 3505 1490 3563 ecelesiam
1503 3520 1617 3576 earum,
1628 3510 1660 3561 st
1673 3505 1704 3560 in
1715 3521 1777 3562 om·

949 3597 1037 3654 nibus
1052 3596 1120 3654 aliis
1145 3598 1181 3653 ad
1203 3597 1256 3668 jus
1278 3595 1448 3668 episcopale
1463 3594 1689 3668 pertinentibus.
1706 3595 1781 3651 ertit

948 3687 1035 3744 etiam
1044 3688 1122 3760 qued
1134 3687 1284 3743 abbatissa
1294 3685 1325 3741 in
1339 3686 1479 3742 omnibus
1489 3683 1784 3757 pradictisobedise.

948 3777 1021 3835 tiam
1037 3778 1063 3833 ai
1081 3777 1243 3850 promittat,
1260 3776 1308 3832 his
1332 3775 1462 3849 exceptis
1477 3775 1506 3832 in
1521 3790 1648 3847 quorum
1664 3789 1781 3847 posses·

948 3867 1032 3925 siene
1046 3870 1092 3923 est
1107 3866 1185 3923 idem
1204 3864 1362 3938 episcopus
1377 3869 1406 3921 st
1420 3879 1547 3938 quorem
1563 3863 1712 3936 possessio
1727 3863 1784 3920 init

459 3941 506 3999 Vl·
948 3957 975 4014 ei
990 3955 1160 4028 adjudicata
1175 3954 1351 4014 auctoritate
1363 3953 1477 4011 demini
1493 3970 1585 4026 pape,
1600 3951 1737 4010 videlieet
1752 3951 1781 4008 in

135 4026 251 4085 11010111
269 4030 318 4097 ΙΝ,
334 4032 451 4103 ‘limiti
463 4031 607 4089 16611611
626 4034 825 4093 mwtml‘ss·
948 4047 1170 4103 consecratione
1181 4044 1332 4111 altarium,
1344 4041 1567 4100 indedisstiene
1578 4039 1781 4110 scutularum,

104 4123 253 4183 Honorius
264 4129 544 4202 episcopusservus
554 4146 706 4188 servorum
718 4131 769 4189 Dei
779 4132 897 4191 dilectis
948 4134 1095 4192 velatione
1118 4134 1279 4206 virginum,
1291 4132 1477 4190 ordinatione
1496 4128 1683 4197 clericorum,
1697 4128 1783 4185 sabi-

68 4212 138 4270 dliia
154 4218 361 4277 archidiacone
376 4226 405 4278 et
425 4221 539 4279 cantori
564 4222 664 4279 Sancti
689 4222 766 4280 Petri
777 4227 807 4280 et
821 4224 897 4283 'l'bs-
949 4224 1061 4281 bitiena
1076 4223 1333 4296 procurationem,
1345 4225 1373 4278 et
1396 4218 1579 4293 poenitentiis
1595 4233 1646 4290 pre
1662 4216 1781 4288 majeri-

67 4305 201 4363 saurarie
236 4310 334 4367 sancti
361 4310 502 4383 Stephani
532 4309 686 4367 Trecaesis
714 4309 840 4369 anunm
869 4314 899 4368 at
951 4304 1634 4383 inseriminibusinjungendis,dequibusad
1650 4321 1781 4377 praeses

67 4394 260 4462 apostolicam
277 4397 520 4458 benedictionem.
911 4418 1010 4507 neon
1031 4402 1101 4474 agit,
1112 4416 1181 4457 aum
1196 4400 1236 4456 sit
1248 4401 1278 4457 in
1295 4399 1480 4472 possessione
1502 4394 1683 4452 eorumdem.
1703 4393 1782 4450 Petit

108 4478 148 4536 ils
161 4492 246 4555 parte
259 4488 435 4547 venerabilis
447 4489 547 4547 fratris
557 4489 652 4547 nestri
667 4488 826 4546 lteldensis
836 4487 895 4562 epi·
951 4490 1039 4549 etiam
1052 4490 1129 4545 idem
1140 4489 1297 4561 episcopus
1306 4492 1402 4546 utnon
1414 4483 1682 4557 impediantipsnm
1692 4481 1781 4538 utide

67 4575 896 4651 scopiluitnobisbumilitarsupplieatumutcumabba·
952 4583 1056 4636 cntare
1067 4577 1275 4649 jurisdictione
1294 4575 1465 4633 omnimoda
1479 4589 1569 4644 quam
1588 4575 1687 4645 petest
1699 4586 1782 4628 exer·

66 4666 141 4722 tissa
152 4682 216 4737 qua
225 4664 357 4722 Jotrensi
370 4667 547 4724 monasterio
559 4668 645 4725 medo
657 4671 773 4739 preest,
785 4668 820 4724 de
829 4682 896 4738 spe·
952 4685 1017 4725 cere
1031 4669 1061 4725 in
1076 4667 1140 4725 suis
1151 4666 1279 4724 subditis
1289 4665 1446 4738 episcopus
1456 4663 1642 4720 dimcessnos
1657 4660 1689 4718 io
1704 4660 1782 4718 clero

66 4753 133 4812 ciali
151 4754 287 4811 mandato
303 4758 405 4813 nestro
428 4755 515 4812 luerit
535 4755 699 4823 benedicta,
715 4763 743 4813 et
758 4756 897 4828 protect·
952 4762 982 4815 et
998 4757 1105 4830 populo
1119 4755 1258 4812 letiensi.
1269 4755 1347 4810 Petit
1361 4771 1378 4808 a
1392 4753 1468 4811 ciem
1480 4751 1611 4810 Jotransi
1623 4751 1782 4824 episeopus

67 4845 147 4900 cium
171 4843 229 4901 sibi
244 4843 348 4901 aiierre
371 4861 430 4901 non
445 4844 550 4901 debeat
564 4844 642 4916 quod
671 4860 725 4900 nos
749 4845 827 4902 circa
841 4844 897 4902 boc
951 4846 1109 4905 tlaldsnsis
1124 4845 1202 4917 qued
1216 4844 1272 4901 sibi
1289 4843 1559 4915 obediattasquem
1574 4858 1629 4898 suo
1644 4839 1782 4911 episcope

67 4932 130 4989 irari
146 4932 281 5000 lecimus,
293 4949 383 5005 super
397 4934 466 5005 jure
481 4930 673 4991 benedicendi
687 4931 851 4989 abbatissas
864 4933 896 4989 in
951 4936 982 4992 in
998 4933 1219 4992 visitationibus
1238 4932 1391 5000 iaciendis,
1407 4931 1436 4987 in
1457 4929 1641 5002 corrigendis
1655 4925 1784 4984 excessi·

67 5022 247 5080 monasterio
261 5022 391 5080 lutrensi
406 5023 601 5096 imposterum
620 5019 773 5093 eligendas
787 5022 895 5077 lacere·
952 5026 1019 5091 bus,
1031 5024 1061 5079 in
1077 5023 1295 5097 cognitionibus
1307 5037 1464 5079 causarum
1477 5025 1537 5077 tam
1549 5016 1681 5075 civilium
1691 5032 1782 5090 quam

69 5128 136 5167 mus
151 5112 245 5167 eidam
254 5111 379 5183 justitie
390 5111 606 5184 plenitudinem
615 5108 758 5166 exbiberi.
769 5107 828 5165 Nes
840 5108 896 5183 igi·
952 5111 1152 5169 criminalium
1163 5129 1292 5184 quarum
1303 5110 1433 5184 cognitio
1444 5109 1480 5164 ad
1492 5106 1664 5179 episcopum
1677 5104 1785 5162 dimoe-

66 5204 116 5257 tur
130 5201 264 5271 ejusdem
279 5200 408 5274 episcopi
424 5199 671 5274 postulationibus
687 5197 833 5270 inclinati,
847 5215 895 5256 ne·
952 5206 1205 5272 sanumtanquam
1216 5200 1388 5273 adjudioem
1399 5195 1635 5255 ecclesiasticum
1644 5193 1784 5267 pertinet,

66 5288 160 5346 lentes
175 5289 231 5346 sibi
247 5306 282 5346 ex
296 5290 502 5348 benedictione
516 5289 691 5346 auctoritate
705 5291 806 5345 nostra
820 5304 896 5359 pras-
951 5288 1230 5347 atindeoisieoibus
1240 5287 1455 5353 carumdem,et
1466 5286 1495 5341 in
1507 5283 1630 5355 bisque
1640 5283 1676 5339 ad
1686 5280 1786 5354 cogni·

66 5379 137 5436 stits
160 5380 365 5452 prejudicium
388 5379 532 5454 generari,
545 5376 715 5436 discretioni
731 5384 835 5435 vestras
858 5379 896 5437 ds
950 5379 1061 5437 tionem
1071 5383 1101 5433 st
1112 5377 1290 5435 decisionem
1303 5375 1463 5448 pertinent,
1475 5371 1612 5430 videlicet
1625 5372 1656 5428 in
1666 5369 1785 5428 venien·

67 5469 221 5540 utriusque
236 5469 328 5542 partis
340 5472 564 5541 procuratorum
577 5482 699 5523 assensu
714 5473 894 5540 paraposto-
951 5469 989 5526 de
1008 5467 1045 5525 ad
1060 5466 1226 5538 citationes,
1237 5463 1406 5538 recipiendo
1422 5462 1536 5521 diemm
1552 5461 1784 5534 assignationes,

67 5555 123 5616 lica
138 5558 249 5632 scripta
263 5558 440 5619 mandemus
454 5563 602 5631 qmlsetu
611 5555 746 5630 musea
755 5573 895 5620 convoca·
953 5567 982 5617 ct
995 5557 1026 5619 in
1041 5555 1108 5618 aliie
1117 5571 1183 5629 qus
1198 5555 1237 5615 sd
1250 5553 1449 5628 cognitionem
1460 5555 1490 5611 et
1503 5551 1681 5613 deciderem
1691 5549 1786 5622 perti·
