3788 6022
111 247 182 302 1553
593 249 855 310 marincense
871 255 972 312 ANNO
988 261 1038 328 xi,
1056 260 1202 317 CHRISTI
1222 263 1302 320 1208.
1745 274 1817 333 1554

452 372 589 428 CCXLIX.
949 382 1076 452 Aptans
1093 382 1267 459 intelligitur
1281 388 1438 446 concilium
1456 394 1614 462 attentari;
1632 398 1708 467 quod
1725 397 1754 453 in
1779 414 1814 457 eo

112 477 246 516 uussnno
269 477 405 517 serscceo
430 480 458 518 nv
478 479 722 520 incarnrrscoruna
742 480 934 524 aevanuerau
986 469 1118 543 loquitur
1133 490 1213 544 casu,
1229 492 1297 533 curn
1314 484 1432 550 propter
1441 479 1559 553 aliquod
1571 483 1680 540 erIman
1698 488 1815 559 episco-

465 549 580 591 sst-tfflo·
987 563 1323 636 putumquisdeserens,
1341 569 1378 624 ad
1400 568 1489 625 vitem
1509 573 1704 631 monasticam
1722 579 1817 648 poeni·

163 621 359 695 desereretne
373 623 496 681 ⁶0⁶²&oe
518 625 767 696 0P550⁰P¹⁸m⁶iit²⁸i
780 628 877 698 imai·
986 650 1085 705 tentie
1100 667 1189 709 causa
1213 655 1376 712 descendit.
1397 656 1479 713 Unde
1495 660 1615 730 quidam
1643 664 1672 717 in
1693 680 1727 720 eo
1742 683 1813 723 casu

987 737 1066 810 ioqui
1086 740 1223 799 dixerunt
1247 744 1409 817 capitulum
1428 749 1641 820 supradictum,
1658 768 1725 808 cum
1741 756 1809 825 quia

144 819 219 891 (lto)
234 823 302 876 Post
316 818 536 877 translationem
554 824 635 876 tuam
651 821 686 876 ad
704 821 862 878 Ecclesiam
878 822 934 878 Ra·
987 843 1038 900 pro
1053 829 1176 886 crimine
1191 831 1227 887 de
1242 848 1299 904 quo
1315 835 1487 891 convinctus
1499 837 1587 893 fuerit
1598 839 1640 894 vel
1656 842 1811 900 consessus

107 907 497 963 vennatemcumdilectilllii
509 908 935 981 prepositua.canonici,abbe
986 916 1022 971 ab
1032 919 1191 991 episcopali
1203 920 1346 994 dignitate
1358 925 1521 996 depositus,
1534 928 1562 982 in
1576 931 1753 987 monasterio
1765 948 1812 987 ex·

106 999 151 1050 tes
162 1002 190 1051 ct
201 995 359 1068 primicerii
372 997 523 1052 liuventini
538 998 813 1069 totosquecivitetis
824 996 931 1066 clerus,
985 1005 1060 1060 stitit
1079 1008 1115 1062 ad
1135 1010 1337 1080 peonitentiam
1356 1014 1501 1084 agendam
1518 1015 1666 1087 inclusus,
1680 1020 1724 1075 vei
1742 1036 1811 1077 cum

106 1085 183 1141 sicut
196 1102 247 1157 per
258 1084 370 1141 litteras
383 1087 554 1141 eorumdem
563 1086 741 1159 accepimus,
750 1087 779 1142 in
792 1087 932 1144 dilectum
985 1094 1092 1167 aliquis
1101 1100 1603 1177 proptergravaeriminem,proqna
1612 1108 1811 1181 episcopatum

107 1175 202 1231 fllium
218 1176 239 1230 Ι.
258 1176 460 1248 presbyterum
476 1175 662 1232 canonicum.
686 1175 879 1231 Ferentinum
900 1174 933 1230 li·
985 1184 1115 1242 retinens
1124 1187 1325 1257 penitentiam
1337 1191 1425 1263 digne
1440 1208 1526 1266 agere
1542 1211 1600 1250 non
1620 1195 1748 1269 valebat,
1764 1215 1813 1255 ce-

286 712 445 785 (Laterani,
460 730 489 769 rv
508 714 551 769 ld.
568 713 756 787 Februrarii.)

106 1265 207 1320 berem
218 1262 344 1335 eligendi
362 1264 567 1320 auctoritatem
595 1262 774 1320 unanimiter
792 1264 933 1321 contulis·
984 1273 1071 1330 ciendi
1087 1277 1214 1332 obtende
1235 1277 1361 1350 licentia,
1377 1281 1468 1336 vitam
1495 1283 1696 1341 monachalem
1710 1286 1811 1360 elegit,

106 1357 170 1409 sent
182 1353 245 1424 ipse
260 1353 354 1409 sancti
370 1353 498 1425 spiritus
526 1354 622 1425 gratia
641 1353 776 1410 invocata
790 1353 930 1411 dilectum
983 1362 1809 1449 aliisasserentibussicintelligendumessepraescriptum

107 1443 201 1498 filium
216 1440 460 1499 toaehimSnnrti
475 1442 605 1499 Fridiani
622 1443 730 1499 Lucani
744 1443 930 1512 canonicum,
983 1452 1145 1524 capitulum
1174 1459 1207 1510 ui
1250 1473 1301 1529 per
1338 1473 1491 1531 resurgere
1529 1467 1667 1532 nequeat,
1694 1462 1722 1519 id
1762 1470 1809 1522 est

106 1531 176 1589 olim
194 1532 366 1605 episcopum
382 1532 576 1603 Serzenarern
601 1532 631 1587 in
657 1530 846 1587 Ferentinum
868 1531 930 1604 epi·
983 1545 1113 1613 repetere
1142 1544 1226 1614 quasi
1249 1545 1382 1601 debitum
1407 1548 1484 1619 quod
1511 1548 1562 1604 tali
1578 1552 1665 1607 modo
1680 1552 1806 1622 dimisit,

104 1640 225 1696 scopum
238 1622 447 1696 postulandum
465 1622 572 1694 clegit,·
588 1639 640 1695 per
654 1623 740 1692 cuius
756 1620 932 1678 sollicitudi·
982 1647 1152 1702 quanquam
1170 1632 1238 1706 eligi
1247 1635 1350 1707 possit,
1361 1637 1523 1709 presertim
1538 1638 1672 1696 31100010
1687 1645 1805 1700 ignium

104 1729 171 1769 nem
188 1712 502 1786 circumspectasti,qu
515 1711 819 1785 primocunonlctlflel
831 1715 929 1784 posted
944 1734 967 1800 Β
982 1723 1011 1775 et
1025 1735 1082 1775 non
1103 1722 1236 1777 ordinem
1258 1724 1428 1796 resignavit,
1445 1726 1518 1782 Cum
1535 1743 1604 1800 ergo
1619 1728 1705 1785 nobi!
1721 1728 1806 1803 piene

103 1802 276 1875 prepositus
291 1802 322 1858 in
337 1802 497 1858 Faventina
521 1801 651 1857 ilcclesia
666 1799 722 1856 fuit
737 1799 927 1857 laudabiliter
981 1814 1116 1866 constare
1144 1811 1309 1887 nequiverit
1336 1814 1373 1869 oh
1397 1831 1487 1887 quam
1513 1832 1632 1873 causam
1650 1819 1807 1891 predictus

101 1896 301 1959 conversatus,
318 1890 493 1963 multiplicia
509 1895 667 1962 sperantur
679 1890 774 1945 eidem
795 1889 925 1946 ecelesiae
979 1897 1114 1955 inachim
1129 1899 1199 1956 olim
1214 1902 1397 1975 episcopatui
1411 1905 1544 1972 cesserit,
1560 1923 1627 1963 cum
1645 1907 1674 1963 in
1695 1909 1806 1967 nosti-ig

101 1981 255 2038 commoda
270 1984 457 2053 proventura.
481 1978 721 2036 Porroadilecto
743 1978 803 2035 silio
825 1978 925 2034 Sancti
979 1986 1087 2045 litteris
1102 1990 1259 2061 superhoo
1284 1991 1469 2048 transmissis
1494 1994 1588 2050 eidem
1614 1994 1668 2051 hoo
1694 1994 1806 2053 solum.

99 2070 226 2126 Fridiani
242 2069 337 2142 priore
353 2085 443 2142 super
458 2069 511 2124 hoc
527 2068 670 2143 requisito
685 2073 714 2122 et
722 2067 841 2123 obtento
852 2084 922 2124 con·
979 2068 1067 2124 modo
1082 2071 1263 2141 exprimatur
1278 2073 1357 2143 quod
1382 2088 1436 2130 uoa
1459 2073 1566 2130 littaris
1583 2089 1672 2147 super
1687 2092 1742 2131 sua
1758 2092 1806 2133 re-
1838 2106 1841 2113 ·

98 2176 199 2229 sensu,
216 2159 388 2231 prepositus
402 2162 432 2214 et
447 2157 496 2214 alii
513 2157 676 2230 supradicti
692 2157 922 2228 postulationem
978 2157 1143 2230 signatione
1167 2159 1293 2231 receptis
1317 2161 1384 2231 ejus
1408 2162 1593 2233 propositum
1619 2163 1648 2218 in
1677 2162 1802 2221 Domine

97 2245 922 2321 eamdemapprobarianobishumiliterpetiernntilli).
978 2248 1219 2304 commendantes
1246 2249 1323 2320 quod
1355 2250 1510 2322 temporali
1540 2251 1643 2308 bonori
1672 2252 1798 2310 salutem

96 2335 395 2407 Verumpostulationi
405 2334 924 2407 hujusmodividebaturconciliccn·
977 2337 1082 2392 anime
1098 2338 1290 2410 proponebat,
1305 2338 1443 2394 eumdem
1458 2339 1641 2396 absolvimus
1657 2342 1694 2396 ab
1709 2359 1797 2400 onere

97 2424 352 2498 stantinopolitani
367 2425 530 2497 capitulum
547 2423 641 2497 prima
658 2424 729 2480 iacis
745 2425 872 2491 obviare,
890 2425 920 2479 in
976 2423 1187 2482 sollicitudinis
1203 2426 1361 2497 pastoralis
1377 2444 1549 2500 quanquam
1568 2445 1621 2501 per
1642 2431 1801 2501 quemdam
1849 2412 1852 2419 ¹

97 2511 921 2588 qucstatutumessedignosciturutquicunquedepon·
975 2513 1073 2569 Sancti
1102 2513 1229 2569 Fridiani
1258 2517 1433 2572 canonicum
1463 2517 1549 2573 nobis
1573 2519 1742 2587 nuperrime
1763 2520 1804 2577 sit

97 2603 198 2660 tilicali
210 2603 352 2675 dignitate
360 2603 394 2658 ad
409 2601 717 2658 monachorumvitam
733 2600 763 2657 in
775 2602 920 2673 peniten-
976 2606 1149 2673 suggestum
1177 2604 1254 2673 quod
1280 2603 1387 2660 idcirco
1411 2605 1508 2661 dictus
1533 2606 1669 2662 Joachim
1685 2608 1802 2665 cedenti

97 2695 142 2750 tie
151 2693 247 2749 locum
260 2692 451 2756 descenderit,
464 2707 652 2763 nequaquam
669 2690 835 2746 ulteriusad
848 2707 921 2762 pon·
974 2691 1124 2746 licentiam
1141 2691 1309 2763 postulabat
1318 2693 1456 2764 quoniam
1469 2694 1504 2748 ud
1518 2694 1651 2750 notitiam
1662 2696 1727 2766 eiua
1735 2713 1801 2769 per·

95 2787 241 2844 tilicatum
255 2787 399 2856 resurgat.
417 2782 497 2838 Unde
511 2786 612 2839 contre
627 2781 739 2838 dictum
750 2781 919 2848 concilium,
974 2782 1093 2833 venerat
1103 2778 1180 2849 quod
1193 2778 1312 2852 quidem
1328 2784 1462 2852 parentes
1474 2780 1569 2853 ipsius
1588 2784 1620 2836 ut
1640 2782 1799 2854 eligeretur

100 2892 168 2931 cum
178 2874 216 2930 sit
229 2889 322 2930 unum
338 2888 373 2928 ex
388 2877 515 2945 quatuor
534 2870 832 2944 principalibusque
843 2870 920 2927 sicut
978 2869 1009 2924 in
1024 2867 1197 2939 episcopum
1209 2869 1573 2939 quaedamdederantlicst
1584 2872 1798 2942 pauca,irater-

99 2970 227 3037 quatuor
252 2961 402 3034 evangelia
424 2961 568 3017 catholica
596 2960 726 3017 Ecclesia
751 2965 919 3030 veneratur,
976 2956 1059 3013 nitati
1074 2957 1335 3028 tuaepresentium
1351 2959 1798 3034 auctoritatemandamusqua·
1883 2993 1886 2997 ⁴

97 3053 265 3109 nullatenus
280 3050 545 3107 videbatursadem
555 3048 917 3122 postulatioadmittenda.
975 3049 1061 3102 tenus
1076 3045 1220 3118 inquisita
1232 3063 1321 3120 super
1335 3047 1606 3119 iisdiligentissima
1620 3049 1751 3119 veritate,
1771 3050 1798 3108 si

93 3144 233 3198 Ceterum
257 3140 399 3211 speciales
423 3139 543 3210 quidam
569 3155 656 3195 casus
682 3138 916 3196 inveniunturin
934 3097 956 3166 G
975 3135 1290 3209 tibiconstiteritquad
1308 3142 1428 3209 propter
1440 3135 1570 3208 aliquam
1583 3155 1618 3194 ex
1636 3139 1797 3212 premissis

95 3230 214 3302 quibus,
231 3226 368 3300 predicto
383 3225 507 3281 concilio
523 3242 581 3282 non
597 3227 741 3297 obstante,
759 3227 784 3282 is
807 3227 858 3298 qni
874 3226 916 3282 vi·
969 3224 1066 3280 causis
1081 3240 1133 3281 seu
1149 3225 1355 3281 consimilibus
1375 3225 1453 3283 idem
1464 3225 1597 3282 Joachim
1613 3227 1796 3300 episcopatui

91 3323 151 3374 tam
173 3314 375 3373 monachalem
397 3314 494 3387 elegit,
518 3312 597 3371 licite
621 3331 739 3371 rursum
761 3319 857 3388 potest
878 3316 914 3372 ad
969 3313 1090 3370 cesserit
1114 3319 1289 3385 memorato,
1314 3319 1346 3371 tu
1371 3315 1546 3371 auctoritate
1561 3321 1662 3372 nostra
1676 3317 1794 3375 sublato

90 3407 293 3480 episcopatum
310 3403 435 3461 assumi.
451 3403 482 3460 Si
494 3402 573 3459 enim
589 3404 760 3476 quisquam,
777 3420 914 3476 persecu·
968 3401 1792 3485 cuiuslibetcontradictionisetappellationisobstaculc,

89 3496 180 3552 tionis
197 3495 276 3551 rabie
297 3492 434 3549 seviente
448 3492 493 3549 vel
509 3493 704 3565 prepediente
719 3492 915 3550 invaletudine
968 3492 1129 3549 dummodo
1145 3492 1306 3549 necessitas
1321 3497 1350 3548 ct
1366 3491 1477 3549 utilitas
1493 3493 1521 3549 id
1536 3500 1686 3565 exposcat,
1701 3494 1799 3552 licen·
1878 3504 1882 3509 '

90 3584 233 3657 corporis,
247 3599 314 3639 cum
330 3582 471 3654 prolicere
486 3585 613 3654 nequent
627 3582 656 3637 in
677 3581 820 3654 regimine
846 3599 914 3654 pas·
966 3580 1040 3637 tiam
1056 3581 1082 3637 ei
1096 3582 1212 3637 tribuas
1223 3581 1380 3637 accedendi
1393 3583 1428 3637 ad
1450 3581 1580 3655 regimen
1598 3581 1731 3639 ecclesie
1744 3583 1798 3641 ita·

88 3671 186 3741 torali,
202 3673 238 3728 de
266 3671 426 3743 superioris
450 3671 626 3727 auctoritate
651 3672 687 3727 ad
718 3671 913 3727 monasticam
968 3671 1110 3738 ventine;
1129 3669 1253 3726 maxime
1273 3670 1298 3726 si
1313 3671 1434 3726 veritate
1458 3670 1622 3727 subnititur
1637 3673 1715 3745 quod
1732 3680 1792 3730 tam

88 3763 178 3818 vitam
193 3762 359 3823 descendat,
371 3759 583 3831 persecutionis
595 3759 639 3814 vel
660 3758 842 3830 egritudinis
857 3759 915 3814 im·
968 3760 1080 3834 prelati
1092 3759 1268 3832 prepositus
1278 3758 1601 3817 etcanoniciFaventini
1612 3778 1701 3833 quam
1713 3762 1799 3834 prior

88 3851 255 3923 pedimento
270 3853 415 3919 cessante,
432 3849 468 3904 ad
484 3849 683 3921 episcopalem
700 3863 855 3920 resurgere
866 3862 914 3920 po·
967 3857 996 3908 et
1021 3849 1185 3922 capitulum
1209 3847 1309 3905 Sancti
1335 3847 1462 3905 Fridiani
1487 3849 1572 3906 nobis
1597 3849 1660 3907 suis
1684 3850 1795 3906 litteris

87 3941 157 3997 terit
170 3939 355 4013 dignitatem.
372 3939 457 4004 item,
473 3937 498 3993 si
514 3936 581 4009 quis
599 3943 717 4009 propter
740 3937 913 3993 litterature
966 3944 1185 4013 expresserunt,
1201 3938 1278 4009 quod
1300 3937 1433 3994 videlicet
1460 3938 1558 3995 dictus
1581 3937 1714 3994 Joachim
1731 3939 1794 3997 loco

88 4029 243 4096 deiectum,
259 4042 296 4083 ne
312 4032 453 4098 tanquam
469 4042 563 4082 cecus
578 4028 703 4098 prebeat
725 4042 799 4081 ceco
823 4026 913 4082 duca·
967 4028 1170 4086 tantummodo
1190 4028 1320 4094 cesserit,
1339 4031 1368 4084 et
1383 4044 1441 4084 non
1465 4027 1562 4083 ordini
1578 4027 1621 4083 vei
1637 4027 1725 4083 eliam
1746 4028 1792 4082 di-

87 4123 162 4188 tum,
178 4117 276 4174 locum
291 4115 446 4189 regiminis
461 4114 637 4171 auctoritate
652 4113 815 4187 apostolica
829 4115 913 4170 dese·
967 4117 1080 4189 gnitati.
1096 4117 1177 4172 Tunc
1196 4117 1274 4172 enim
1296 4120 1375 4173 esset
1397 4115 1657 4172 vehementissime
1679 4132 1791 4188 presu-

87 4209 175 4264 rsndo
191 4208 227 4263 ad
257 4205 350 4262 otium
376 4221 406 4261 ss
430 4202 590 4260 contulerit
614 4202 797 4273 monachale,
814 4220 847 4259 ac
863 4220 915 4276 per
967 4204 1791 4278 mendumquodnonproptercrimenabeocommissum

86 4296 257 4352 exercitium
273 4295 408 4351 lectionis
419 4293 550 4350 scientie
561 4292 915 4366 receperitmargnritam,
967 4314 1057 4353 causa
1068 4295 1246 4369 penitentie
1266 4296 1439 4367 peragendae
1459 4295 1494 4350 ad
1511 4295 1601 4350 vitam
1623 4295 1792 4367 migraverit

87 4384 194 4459 poterit
209 4384 307 4457 procul
320 4382 911 4441 dubiodenuovocatusaDominocathe·
966 4387 1148 4461 regularem
1165 4386 1324 4458 presertim
1349 4400 1415 4440 cum
1440 4382 1603 4457 apostolica
1624 4385 1709 4440 sedes
1724 4391 1792 4457 post

86 4475 169 4530 dram
183 4473 372 4529 reascendere
385 4472 573 4544 pastoralem.
586 4476 700 4528 Rursus
712 4472 737 4527 ai
749 4471 817 4543 quis
832 4471 912 4543 cupi·
927 4459 951 4524 D
966 4476 1128 4534 cessionem
1145 4473 1237 4530 multo
1254 4474 1353 4530 minos
1369 4489 1457 4545 quam
1472 4476 1539 4528 ante
1552 4473 1734 4546 permisisset
1748 4474 1791 4531 οἱ.

87 4565 178 4620 ditate
189 4570 354 4635 parentum,
370 4578 404 4617 eo
418 4565 517 4618 tamen
533 4562 653 4634 penitus
667 4560 832 4634 ignorante,
849 4561 913 4616 iue-
968 4569 1034 4623 dem
1053 4564 1103 4619 tali
1119 4563 1241 4620 crimine
1260 4561 1374 4618 irretito
1388 4561 1418 4617 in
1436 4559 1595 4634 pontificali
1617 4562 1720 4618 ordine
1735 4563 1790 4619 mi·

86 4651 912 4724 ritepiscopatumadeptus,ethoccomperto,episco·
967 4657 1102 4713 nistrare.
1131 4651 1280 4724 Alioquin,
1311 4667 1378 4707 cum
1405 4651 1512 4707 durum
1542 4650 1632 4706 nimis
1654 4652 1791 4709 existeret

86 4746 190 4816 patum
205 4741 303 4813 ipsum
319 4740 354 4795 de
370 4738 488 4795 licentia
504 4738 666 4812 superioris
681 4740 846 4809 dimittens,
857 4739 911 4795 ob·
966 4748 1067 4802 contra
1081 4749 1141 4798 tam
1157 4740 1289 4798 solemne
1299 4740 1457 4797 concilium
1473 4740 1645 4811 hujusmodi
1657 4741 1790 4813 postula-

87 4831 262 4888 servantiam
295 4828 414 4901 elegerit
443 4826 619 4898 regularem,
644 4829 700 4884 etsi
723 4829 757 4883 ad
774 4829 910 4885 eumdem
966 4833 1074 4889 tionem
1085 4829 1606 4902 admittere,prepositcetcanonicis
1619 4830 1789 4887 memoratis

84 4922 286 4993 episcopatum
297 4918 392 4973 redire
407 4916 911 4989 postmodumnequestjuxtacano·
965 4922 1105 4993 injungas
1121 4926 1154 4976 ut
1167 4919 1251 4976 sliam
1266 4935 1423 4992 personam
1439 4919 1574 4976 idoneam
1596 4919 1654 4975 sihi
1678 4917 1790 4992 eligant

85 5011 167 5066 nicas
188 5009 365 5077 sanctiones,
391 5007 427 5061 ad
452 5005 546 5062 elium
575 5013 672 5061 tamen
700 5004 780 5061 licite
806 5004 912 5077 poterit
966 5011 1166 5082 inperatorem.

85 5099 242 5156 reassumi.
259 5100 432 5169 Quanquam
449 5101 548 5152 autem
565 5096 595 5151 in
611 5095 648 5151 iis
663 5099 692 5152 et
707 5094 912 5155 consimilibus
1002 5103 1107 5155 Datum
1131 5096 1279 5169 Laterani,
1300 5115 1329 5155 1v
1344 5099 1413 5156 Idus
1429 5096 1580 5168 Februari,
1600 5096 1790 5169 pontificatus
1816 5102 1823 5111 '

84 5191 204 5247 casibus
220 5189 257 5246 iis
269 5189 320 5260 qui
336 5188 508 5261 episcopatu
526 5187 650 5244 dimisso
663 5187 755 5243 vitam
772 5186 913 5243 monasti·
966 5187 1061 5246 nostri
1077 5203 1155 5244 anno
1171 5186 1336 5246 undecimo.

84 5296 148 5335 carn
164 5279 248 5351 eligit
265 5295 417 5351 resurgere
432 5277 526 5333 valeat
550 5278 586 5334 ad
609 5276 741 5334 olflcium
756 5275 910 5348 pastorale,
1363 5306 1399 5318 -

84 5368 157 5426 nihil
173 5374 271 5425 temen
292 5369 321 5423 in
337 5367 509 5439 hujusmodi
526 5369 644 5425 casibus
658 5370 760 5423 contra
777 5365 910 5440 prescri-

85 5583 98 5641 ἰ
122 5511 195 5596 illd)
208 5510 374 5640 {tagqbl’cst
391 5509 532 5581 translat„
548 5510 589 5566 De
604 5510 763 5566 renuntiat.
780 5509 851 5567 Vide
865 5510 909 5566 in·
966 5584 981 5651 ἓ
995 5510 1077 5638 1(ξπ)
1090 5509 1164 5566 Vide
1183 5508 1237 5566 lib.
1252 5524 1271 5563 v
1287 5512 1327 5568 De
1343 5523 1425 5565 conc.
1443 5523 1504 5564 sao.
1520 5510 1550 5565 et
1562 5505 1650 5579 imp,
1664 5521 1729 5578 cap.
1742 5505 1792 5572 21,
1873 5562 1878 5571 ,

99 5599 231 5655 raepvs.
297 5623 304 5639 .
1031 5621 1039 5637 .
