3788 6022
56 239 136 301 ’1577
562 246 818 304 PONTIFICATUS
839 246 938 302 ANNO
957 245 1008 314 Xl,
1025 247 1171 303 CHRISTI
1191 246 1271 303 1208.
1700 253 1770 311 1578

65 382 154 438 quam
166 365 221 422 boc
232 364 290 422 sibi
301 364 449 438 objectum
462 366 527 434 luit,
539 367 762 440 pretermiserit
773 367 890 440 penitus
904 365 933 433 Α
947 383 1118 440 quanquam
1134 373 1252 442 propter
1266 369 1472 445 indignitatem
1492 371 1626 445 ejusdem
1650 375 1680 432 P.
1706 393 1770 434 ma-

66 456 108 511 uti
121 456 174 512 eis.
191 457 232 511 nd
246 456 317 524 beo,
336 472 387 530 par
397 461 487 513 testes
498 457 619 514 Bocardi
630 475 721 530 super
735 458 891 532 principali
944 458 1036 513 ruerit
1050 459 1210 530 reprobari,
1223 461 1443 518 conversionem
1460 462 1589 519 Bucardo
1606 465 1712 520 iactam
1729 467 1770 523 ir·

65 545 180 613 negotio
194 548 353 618 productos
368 546 425 602 iuit
441 546 513 602 satis
533 548 713 604 suidcientcr
738 553 890 604 ostensum
944 545 1031 602 ritarn
1047 549 1229 605 decrevimus
1242 554 1271 605 ot
1285 551 1415 607 inanem.
1433 551 1507 617 Ouia
1522 569 1588 608 vcro
1604 562 1716 622 cantor,
1730 557 1766 611 ad

65 636 143 707 quod
159 636 264 707 quinta
280 636 404 705 farisei,
422 640 454 691 ui
467 636 625 707 loquamur
639 638 818 710 expressius,
844 638 892 694 die
945 652 1032 707 quem
1048 636 1143 708 ipsius
1159 639 1348 695 succentoriae
1364 638 1483 695 donatio
1508 644 1642 712 spectare
1665 659 1770 713 propo·

63 723 413 797 Jovispostiestivitatem
424 726 523 781 Sancti
534 726 819 793 Michaelis,biennio
829 727 890 798 jum
945 724 1035 792 nitur.
1048 729 1080 779 Ui
1095 725 1130 781 (¹0
1146 726 1241 798 ipsius
1257 727 1387 798 tellum
1402 733 1565 795 taceamus,
1578 729 1651 786 adeo
1667 731 1771 786 incon·

65 813 360 885 elapso,suecentoris
371 814 427 870 sibi
440 832 580 872 concessa
591 817 687 873 luerat
701 817 890 890 supradicta;
944 817 1056 867 stanter
1070 829 1102 868 ὅθ
1118 813 1222 870 habuit
1236 815 1265 869 in
1282 814 1336 871 11⁰⁰
1351 816 1427 872 ft⁰l⁰
1439 822 1482 882 ul,
1494 816 1573 873 Sicut
1583 818 1770 889 premissum

67 905 119 960 sed
131 904 405 977 perconiessionenr
418 906 551 975 ejusdem
567 908 703 979 apparuit
717 908 795 978 quod
812 907 890 965 idem
944 907 1000 972 est,
1017 904 1113 974 prima
1128 905 1287 962 donatione
1303 924 1360 962 non
1375 907 1530 979 reprobata
1542 909 1701 964 secundam
1727 910 1772 965 ia-

67 994 175 1050 lestum
191 995 293 1050 eodem
311 1011 388 1050 anno
408 995 455 1051 die
477 995 558 1052 lovis
581 996 673 1051 luerat
698 996 889 1067 celebratum,
919 1024 922 1029 ·
944 997 1181 1065 cereattentarit,
1196 997 1356 1070 etdignum
1369 998 1489 1055 situtin
1501 1016 1535 1055 eo
1545 999 1613 1071 quis
1629 1001 1771 1072 puniatur
1879 1064 1882 1069 ,

66 1084 167 1154 sicque
180 1083 236 1139 tuit
250 1084 552 1156 perconsequcntiam
568 1085 794 1157 comprobatum
810 1085 888 1157 quod
943 1083 972 1139 in
990 1102 1047 1158 quo
1062 1085 1144 1142 visus
1159 1092 1203 1143 est
1219 1087 1389 1160 deliquisse,
1404 1089 1434 1144 in
1458 1089 1512 1144 hoc
1536 1091 1601 1161 ejus
1626 1087 1769 1147 duximus

66 1177 167 1228 octavo
179 1173 225 1229 die
237 1179 303 1245 post
319 1175 425 1231 testum
439 1176 536 1248 ipsum
549 1176 642 1232 eidem
655 1176 685 1231 B.
704 1176 782 1233 dictu
796 1179 888 1233 dona·
941 1173 1090 1231 varietatis
1105 1175 1335 1233 inconstantiam
1352 1176 1529 1250 puniendam
1543 1182 1575 1233 ut
1591 1178 1769 1235 concedendi

64 1260 106 1316 tio
122 1261 199 1316 lacta
215 1261 279 1318 luit.
295 1264 437 1320 caeterum
464 1280 515 1336 per
539 1280 589 1321 sex
614 1271 713 1332 testes,
738 1271 888 1323 cantorem
941 1263 1156 1320 succentoriam
1172 1263 1266 1337 ipsam
1282 1265 1337 1321 bac
1352 1265 1413 1321 vice
1430 1264 1542 1320 nullam
1559 1265 1665 1321 habeat
1680 1266 1771 1322 lacul-

65 1350 187 1422 sciticet,
205 1351 431 1418 Oliveriumw.
444 1352 548 1421 Gerra,
564 1358 597 1410 R.
614 1354 780 1425 Agnellum,
794 1356 815 1411 1.
827 1362 887 1413 Ma·
940 1355 1043 1420 tetam,
1069 1353 1258 1424 presentium
1282 1354 1366 1410 vobis
1391 1354 1567 1410 auctoritate
1591 1355 1768 1412 mandantes

64 1441 174 1509 riuum,
190 1439 220 1496 P.
238 1443 274 1497 de
290 1441 410 1509 Marcei,
427 1458 501 1514 quoe
517 1442 705 1515 supradictus
721 1444 751 1501 P.
768 1446 803 1501 ad
820 1462 886 1517 pro·
941 1443 1230 1513 quatenuseamdem
1242 1441 1768 1502 auctoritatencstrasulinltisublato

66 1529 196 1586 bandum
208 1531 285 1602 quod
298 1531 417 1586 donatio
430 1531 485 1586 sibi
499 1530 575 1588 lacta
591 1539 780 1604 precesserat
794 1534 885 1591 intro·
941 1531 1147 1605 appellationis
1160 1534 1311 1591 obstaculo
1329 1551 1460 1608 persona
1475 1535 1586 1591 idonce
1597 1535 1768 1608 assignetis,

58 1619 159 1687 duxit,
175 1620 287 1676 exstitit
300 1619 456 1676 manifeste
471 1621 626 1692 probatum
643 1624 720 1694 quod
746 1623 887 1680 anteriori
940 1620 1181 1693 contradictores,
1198 1626 1254 1679 etc.

62 1713 193 1781 tempore
209 1709 265 1765 sibi
281 1710 375 1766 iuerat
388 1710 572 1766 succentoria
591 1712 885 1785 sepedictaicollata,
902 1733 926 1799 B
1289 1730 1416 1788 cmv,

60 1815 127 1854 cum
145 1798 300 1866 Ollvttlsssa
317 1799 362 1854 W·
379 1802 408 1854 el
424 1800 600 1856 [manifeste
615 1800 714 1857 difflui
740 1802 817 1874 ΨΜ
840 1819 885 1859 ⁸0·
946 1834 1106 1876 aaarsrarrsr
1121 1837 1155 1876 nr
1168 1837 1306 1876 saunensi
1320 1837 1475 1888 episcopia,
1490 1838 1525 1875 aa
1537 1837 1640 1877 assari
1655 1837 1768 1878 sauram

63 1888 162 1945 cunda
174 1887 219 1944 vel
236 1887 332 1957 tertia,
348 1893 377 1943 et
391 1893 494 1946 cantor
507 1890 586 1960 quod
609 1892 695 1947 tertia
714 1891 759 1947 vel
783 1897 886 1962 quarta
1174 1909 1326 1949 anonvmus:
1347 1909 1536 1948 nanrsrsrvsrs.

61 1977 109 2033 ⁶5⁰
131 1982 197 2050 ΡΜι
211 1978 324 2034 dicium
342 1978 459 2051 sillum,
475 1984 504 2035 θῑ
517 1978 547 2035 Ρ·
563 1980 638 2050 (Ιῦοᾶ
656 1980 686 2034 ῑῦ
702 1980 886 2038 hebdfflsstdt
943 1995 981 2051 De
994 2012 1081 2052 correo
1093 1999 1257 2055 monaterii
1272 1998 1404 2054 Venetiae.
1421 2003 1517 2055 contra
1531 1997 1659 2055 comitem
1674 1999 1767 2056 letis·

59 2071 126 2138 post
141 2067 218 2123 idem
234 2068 341 2124 testum
354 2067 449 2124 eidem
465 2067 550 2125 Petro
575 2069 694 2125 donatio
719 2070 795 2125 lacta
818 2070 884 2143 tuit,
1252 2072 1452 2127 studeres-sem.

58 2155 168 2211 Verum
182 2173 234 2229 per
244 2162 335 2213 testea
348 2173 423 2230 quos
434 2157 582 2214 Bocardus
597 2159 633 2214 ad
649 2159 884 2229 reprobationem
1270 2161 1439 2233 (Laterani.)

58 2245 179 2301 testium
187 2246 250 2317 jem
267 2246 412 2303 dictorum
427 2245 553 2313 induxit,
569 2245 713 2302 Oliverius
727 2252 754 2302 et
768 2247 884 2305 Willal·
976 2246 1767 2319 (168)GumolimdilectifiliiabbasetconventusVirzi·
1838 2322 1843 2333 Ι
1869 2262 1875 2277 ’

60 2350 128 2390 mus
141 2336 262 2391 luerunt
276 2340 419 2408 tanquam
435 2335 584 2392 manifesti
610 2336 759 2393 lornioarii
784 2354 884 2411 ropro-
941 2352 1043 2393 censes
1059 2354 1114 2393 sua
1128 2338 1214 2394 nobis
1229 2338 1440 2410 conquestione
1456 2344 1674 2396 monstrassent
1688 2342 1767 2412 quod

58 2424 131 2482 bati.
147 2426 254 2482 Cantor
269 2442 386 2497 quoque
401 2424 576 2496 permultos
593 2430 681 2481 testes
701 2427 885 2485 convincitur
940 2423 1049 2480 nobilis
1060 2425 1105 2480 vir
1121 2430 1224 2482 Petrus
1240 2442 1339 2483 comes
1353 2426 1602 2485 autisiodorensis
1619 2428 1767 2501 quoddam
1841 2460 1844 2465 ·
1868 2424 1873 2431 '

58 2529 124 2570 esse
140 2514 293 2586 perjurus3
310 2514 380 2586 quia
395 2530 462 2569 curn
475 2515 595 2586 juratus
611 2515 716 2571 dixerit
729 2516 806 2587 quod
829 2516 882 2571 Bo·
940 2517 1091 2585 stagnum,
1109 2514 1319 2584 molendinum,
1337 2524 1364 2571 et
1378 2516 1499 2572 domum
1517 2518 1641 2573 interra
1663 2531 1767 2573 eorum

57 2604 146 2660 cardo
157 2605 371 2660 succentoriam
382 2605 883 2677 nunquamdederatsupradictam,
939 2607 1108 2659 construere
1125 2603 1275 2660 nitebatur
1298 2604 1327 2659 io
1352 2605 1484 2676 ipsorum
1509 2606 1713 2678 prejudicium
1737 2610 1767 2662 et

59 2710 112 2766 per
127 2691 237 2749 multos
250 2697 341 2749 testes
358 2692 513 2764 probatum
529 2698 575 2750 est
598 2711 632 2750 ex
655 2694 779 2751 adverso
804 2696 883 2767 quod
939 2707 1106 2762 gravamen,
1118 2693 1275 2749 venerabili
1288 2694 1370 2749 tratri
1382 2699 1481 2750 nostro
1496 2695 1633 2767 episcopo
1648 2699 1677 2750 et
1691 2695 1767 2750 dilo-

56 2781 884 2858 ipsispraesentibuscantorinvestiviteumdemlnsuper
939 2780 1765 2841 ctofiliothesaurarioNivernensicommisimuscausom

57 2870 239 2942 R Agnellus
250 2871 323 2927 nibil
335 2871 510 2943 deposuisse
526 2872 710 2945 dignoscitur
725 2891 814 2947 super
833 2892 884 2931 ne·
939 2871 1033 2943 ipsum
1045 2891 1052 2939 ;
1065 2870 1094 2927 in
1111 2889 1236 2945 quorum
1256 2873 1410 2945 praesentia
1426 2873 1558 2943 partibus
1583 2872 1764 2940 constitutis,

58 2960 137 3033 gotio
152 2960 318 3032 principali,
330 2959 398 3018 licet
412 2976 480 3032 pars
496 2960 571 3018 Petri
590 2963 690 3020 dicens
706 2965 882 3036 ipsum'am·
939 2958 1016 3016 sieut
1027 2977 1078 3033 per
1092 2960 1206 3017 litteras
1222 2963 1392 3018 eorumdem
1411 2963 1590 3034 accepimus.
1607 2962 1658 3018 lits
1674 2978 1764 3032 super

59 3049 243 3121 phibologice
259 3050 350 3106 luisse
373 3049 505 3107 locutum
529 3054 683 3109 ostendere
708 3053 774 3109 nisa
795 3054 883 3109 inerit
899 3096 921 3164 c
940 3050 1132 3120 petitionibus
1147 3051 1281 3108 Ecclesia
1297 3056 1470 3119 contestata,
1488 3052 1612 3125 receptis
1627 3050 1765 3124 utrinque

59 3140 135 3210 quod
148 3138 223 3194 idem
237 3141 320 3195 testis
331 3155 421 3211 super
432 3140 585 3212 principali
596 3142 702 3198 dixerit
717 3142 787 3198 iilud
805 3143 883 3201 idem
940 3137 1078 3204 testibus,
1094 3152 1123 3195 et
1136 3140 1373 3196 attestationibus
1390 3139 1558 3212 publicatis,
1583 3157 1651 3197 cum
1677 3157 1765 3211 super

59 3228 136 3299 quod
154 3227 298 3284 oliverius
312 3235 340 3285 et
356 3230 598 3288 Witietmuaouo
613 3247 682 3289 vero
699 3233 883 3304 testamen
938 3227 1026 3284 dictis
1041 3229 1161 3284 testium
1177 3229 1253 3286 inter
1270 3235 1368 3303 partes
1383 3231 1487 3286 luisset
1501 3231 1689 3302 postmodum
1706 3229 1763 3286 dis·

56 3316 126 3373 licet
142 3319 163 3374 l.
180 3317 312 3374 Marinus
324 3323 352 3374 ct
368 3319 397 3375 Ρ.
413 3320 449 3376 ds
464 3320 581 3389 Marcei,
605 3327 811 3379 remanserunt
832 3325 884 3397 qai
939 3320 1086 3388 putatum,
1102 3318 1219 3373 taudem
1247 3335 1315 3390 pars
1344 3320 1461 3374 comitis
1485 3318 1639 3391 proposuit
1663 3334 1762 3374 coram

59 3407 257 3480 nequiverunt
271 3407 485 3465 rationabiliter
498 3409 660 3482 reprobari,
670 3411 740 3485 quia
756 3412 822 3469 licet
837 3414 884 3469 di·
938 3404 981 3460 vis
993 3407 1071 3477 quod
1082 3406 1118 3462 de
1129 3406 1247 3462 damnis
1258 3407 1287 3462 iu
1300 3407 1469 3465 nemoribus
1481 3411 1509 3463 tt
1520 3408 1608 3463 rebus
1625 3406 1691 3464 aliis
1706 3408 1763 3463 da·

58 3495 135 3552 xerit
148 3513 216 3569 pars
232 3496 353 3553 Benarni
369 3499 446 3570 quod
464 3499 792 3575 permansionem
812 3503 884 3561 vdes
938 3494 987 3561 tis,
1004 3510 1094 3567 super
1109 3494 1217 3567 quibus
1232 3499 1321 3553 testae
1338 3496 1483 3569 deponere
1500 3496 1687 3563 videbantur,
1713 3512 1763 3552 co-

59 3584 196 3642 habenda
210 3602 268 3641 non
284 3590 356 3653 erat,
374 3587 512 3658 qnoniam
528 3588 558 3644 in
574 3605 664 3645 causa
690 3590 764 3647 Petri
789 3592 884 3650 iuerat
938 3585 1325 3655 8⁰0808t011011d0b8bss1¹b
1349 3603 1416 3641 0¹1OE
1441 3586 1471 3641 1¹1
1496 3585 1637 3658 ῐθθῦΐῑβῑθ
1663 3592 1764 3643 ⁰⁰⁸ir⁰

59 3680 243 3748 procurator,
270 3677 348 3747 quod
372 3693 406 3734 ex
430 3692 463 3734 eo
489 3677 637 3736 nitebatur
662 3685 793 3739 astruere
815 3683 884 3755 quin
939 3670 1070 3728 nullade
1084 3672 1200 3729 damnis
1215 3674 1324 3729 mentio
1341 3674 1510 3745 haberetur,
1526 3675 1669 3746 adjiciens
1685 3676 1762 3747 quod

56 3768 146 3821 testes
158 3765 289 3835 ejusdem
304 3766 657 3841 Bocardidiaerantqnod
670 3771 747 3828 idem
764 3773 784 3826 l.
803 3771 883 3828 litte·
938 3777 986 3818 ¹⁰⁵
1003 3760 1057 3817 1¹¹ae
1073 3777 1162 3832 tuter
1177 3762 1287 3834 quibui
1302 3763 1425 3836 ‘luoestio
1449 3764 1592 3837 agebatur
1615 3764 1651 3821 (¹0
1675 3765 1763 3821 ftUdO

56 3869 105 3909 ras
130 3853 205 3910 Petri
228 3859 404 3927 portaverat,
422 3857 575 3928 quesierat
588 3862 688 3928 testes,
704 3865 732 3916 et
747 3862 882 3933 quedam
938 3855 1022 3907 orant
1034 3850 1143 3907 nobilis
1153 3852 1207 3909 viri
1219 3852 1304 3908 ducis
1314 3852 1502 3925 burgundia,
1518 3853 1594 3909 sicut
1609 3852 1687 3909 idem
1704 3854 1764 3910 dux

56 3941 232 4012 huJusmodi
249 3944 367 4012 iecerat,
378 3944 449 4016 quia
464 3948 560 4002 tamen
577 3949 663 4007 nobis
677 3966 735 4005 non
751 3950 884 4006 constitit
936 3939 967 3995 in
984 3941 1152 4010 patentibus
1168 3939 1273 3997 litteris
1289 3942 1445 4015 fatebatur,
1462 3947 1490 3998 et
1505 3943 1570 4000 ideo
1592 3959 1682 4015 super
1703 3941 1763 3999 illia

56 4032 135 4102 quod
152 4032 284 4101 ejusdem
302 4033 426 4091 Pinarii
440 4040 622 4107 procurator,
634 4038 699 4108 ejus
713 4038 882 4096 testimonio
937 4030 973 4085 ud
985 4030 1137 4085 dvmiuum
1151 4031 1227 4086 leudi
1240 4031 1437 4104 potiusquam
1450 4034 1484 4088 ad
1498 4033 1591 4088 dictos
1603 4032 1697 4088 iuerat
1708 4033 1762 4104 ju·

55 4121 143 4176 fidem
155 4121 608 4182 consuimusadhibendnm.Scd
620 4125 732 4182 stillud
746 4127 881 4184 frivolum
936 4117 1016 4174 dites
1032 4120 1253 4175 returrvndum·
1267 4120 1308 4176 Ad
1327 4122 1404 4193 quod
1431 4121 1486 4176 fult
1509 4137 1544 4177 tx
1570 4122 1691 4177 adverso
1714 4137 1761 4177 re·

55 4211 259 4282 reputavimus
271 4214 350 4284 quod
367 4215 519 4287 proposuit
533 4216 634 4272 eadem
656 4233 724 4292 pars
748 4219 882 4289 Bocardi,
937 4210 1185 4280 ³P0¹1⁸⁰ffl=il⁰⁰d
1201 4208 1299 4265 Sissffll
1322 4226 1468 4283 uidisse,
1493 4211 1579 4267 ῑθθῑῒθ
1603 4217 1700 4267 iamin
1724 4214 1761 4270 dt

54 4298 192 4356 videlicet
208 4300 361 4372 quiscum
379 4303 480 4359 Petrus
495 4304 531 4359 de
545 4304 653 4361 Maroni
670 4305 778 4363 dixerit
802 4308 881 4379 quod
936 4296 1054 4354 damnis
1069 4298 1146 4353 datis
1160 4298 1191 4353 in
1206 4299 1316 4354 nostris
1330 4297 1436 4355 litteris
1452 4299 1562 4356 mentio
1583 4300 1760 4372 habebatur,

53 4388 84 4443 in
101 4387 287 4445 hebdomada
302 4396 369 4463 post
383 4392 574 4462 predicatum
589 4398 699 4451 testum
726 4397 881 4467 saepedicto
935 4403 1002 4443 cum
1014 4404 1120 4444 nomen
1133 4388 1310 4460 gravaminis
1322 4393 1399 4445 esset
1410 4388 1514 4445 litteris
1525 4389 1761 4464 ipsisinsertuin,

54 4478 141 4533 Petro
152 4477 272 4534 donatio
285 4479 362 4535 iacta
377 4480 581 4552 luit,innuitur
594 4486 674 4556 quod
689 4487 878 4543 donationem
896 4463 1053 4551 ”implet
1068 4479 1144 4551 (1¹²0d
1162 4479 1198 4534 <¹⁶
1215 4479 1287 4551 i1³⁸is
1303 4496 1480 4552 ⁰⁰li¹¹0³⁰0l⁰
1493 4486 1638 4554 Ρθῑθΐᾶῐῐῖ,
1655 4481 1761 4541 Saltem

52 4564 149 4636 ipsius
165 4565 196 4620 B.
213 4583 278 4638 ques
292 4572 393 4626 octavo
408 4570 456 4626 die
478 4578 544 4644 pest
566 4573 643 4630 idem
669 4576 776 4631 festum
802 4575 878 4633 faeta
931 4573 1074 4641 tanquam
1087 4569 1554 4644 deacceasoriisseuappendiciis
1565 4573 1762 4647 negotiiprin·

52 4655 159 4725 iuerat,
175 4656 276 4712 eadem
293 4658 370 4714 Petri
384 4660 504 4716 donatio
520 4660 642 4720 minime
666 4664 876 4737 processisset.
932 4657 1046 4731 cipalis·
1064 4659 1136 4716 Item
1153 4675 1220 4715 cum
1238 4676 1326 4731 super
1339 4661 1479 4718 omnibus
1495 4661 1627 4719 articulis
1643 4663 1679 4719 de
1695 4662 1761 4735 qui·

51 4743 125 4799 Nam
142 4760 209 4799 cum
225 4743 412 4803 hebdomada
426 4747 472 4804 vel
498 4749 664 4821 septimane
687 4769 876 4826 nequaquam
931 4748 987 4804 bus
997 4752 1086 4806 testes
1096 4749 1342 4821 deposuerantlis
1353 4750 1458 4807 luisset
1474 4751 1647 4810 solemniter
1660 4757 1759 4809 oonte-

51 4834 128 4890 ulvra
142 4835 219 4891 diem
236 4837 394 4907 septimum
411 4840 596 4908 extendatur,
609 4848 728 4914 apparat
744 4844 813 4916 quia
827 4845 877 4901 do.
931 4842 1019 4906 stata,
1035 4839 1070 4895 ds
1086 4838 1159 4912 ipsis
1175 4854 1350 4908 cognoscere
1371 4857 1404 4897 aa
1431 4841 1623 4914 pronuntiare
1642 4841 1761 4911 judices

51 4923 132 4980 natio
148 4941 212 4997 que
229 4924 306 4981 iacta
331 4925 427 4982 luerat
450 4927 480 4983 in
504 4927 692 4987 bebdomada
715 4930 761 4989 vel
785 4933 876 4990 etiam
931 4927 1118 4985 tenebantur.
1133 4928 1187 4984 Sed
1203 4932 1231 4984 et
1247 4945 1337 5001 super
1351 4932 1522 5003 exceptione
1539 4931 1617 4987 leudi
1634 4946 1698 4986 sero
1714 4930 1761 4986 ni·

50 5013 226 5084 septimana,
259 5015 388 5071 citeriori
422 5017 525 5091 utique
550 5023 682 5091 tompore
711 5021 767 5076 iuit
800 5022 877 5078 iacta
931 5017 999 5086 mis,
1016 5021 1116 5090 utpote
1138 5021 1204 5090 post
1228 5018 1347 5075 testium
1373 5019 1612 5092 publicationem,
1634 5018 1760 5090 objecto,

48 5117 136 5173 qnam
148 5101 273 5174 illaque
285 5103 426 5162 lactescit
436 5109 625 5179 postmodnm
637 5107 667 5164 in
678 5112 876 5167 octavo.Cum
930 5106 1112 5162 audiendum
1130 5122 1188 5163 non
1204 5123 1268 5164 esse
1284 5108 1421 5164 comitem
1438 5108 1598 5165 asserebat.
1625 5107 1669 5162 Ad
1696 5108 1758 5165 hac

45 5189 200 5263 igiturpsr
209 5192 407 5263 depositiones
419 5196 523 5253 salum
535 5198 662 5255 duorum
679 5199 810 5270 testium,
826 5200 875 5271 qui
930 5212 998 5269 para
1015 5195 1130 5252 comitis
1144 5195 1295 5270 replicavit
1310 5199 1387 5271 quod
1412 5198 1466 5255 etsi
1493 5212 1583 5269 super
1604 5197 1720 5254 damnis
1742 5215 1760 5255 a

47 5278 219 5338 nullatenus
230 5283 377 5354 reprobati
389 5284 518 5351 inerunt,
535 5286 621 5343 uobis
636 5289 802 5346 constiterit
817 5290 874 5347 evi·
929 5288 1116 5357 procuratore
1125 5284 1164 5342 lis
1175 5285 1262 5343 inerit
1273 5286 1477 5356 contestatam
1490 5295 1628 5343 tamenex
1638 5286 1758 5344 bocnon

45 5371 152 5428 denter
176 5371 254 5443 quod
284 5373 434 5430 concessio
464 5373 549 5431 Petro
578 5375 654 5433 iacto
680 5379 874 5450 precesserit,
929 5374 1759 5450 poteratprrejudioiumgenerari,oumadbooprocura·

78 5585 155 5657 (168)
171 5585 242 5658 Cap.
259 5588 327 5643 Cam
343 5587 424 5644 otim.
441 5593 481 5647 Da
496 5591 546 5647 olt'.
558 5589 625 5664 jud.
642 5592 779 5667 delegati.

210 5703 341 5768 Parnon.
364 5707 477 5770 CCXV.
