<?xml version="1.0" encoding="UTF-8"?>
<!DOCTYPE html PUBLIC "-//W3C//DTD XHTML 1.0 Transitional//EN"
    "http://www.w3.org/TR/xhtml1/DTD/xhtml1-transitional.dtd">
<html xmlns="http://www.w3.org/1999/xhtml" xml:lang="en" lang="en">
 <head>
  <title>
</title>
<meta http-equiv="Content-Type" content="text/html;charset=utf-8" />
  <meta name='ocr-system' content='tesseract 3.04.00' />
  <meta name='ocr-capabilities' content='ocr_page ocr_carea ocr_par ocr_line ocrx_word'/>
</head>
<body>
  <div class='ocr_page' id='page_1' title='image "./patrologiaecurs41unkngoog_0256.png"; bbox 0 0 3788 6022; ppageno 0'>
   <div class='ocr_carea' id='block_1_1' title="bbox 56 274 107 331">
    <p class='ocr_par' dir='ltr' id='par_1_1' title="bbox 56 274 107 331">
     <span class='ocr_line' id='line_1_1' title="bbox 56 274 107 331; baseline 0 0"><span class='ocrx_word' id='word_1_1' title='bbox 56 274 107 331; x_wconf 80' lang='grc'><strong>501</strong></span> 
     </span>
    </p>
   </div>
   <div class='ocr_carea' id='block_1_2' title="bbox 554 276 1276 347">
    <p class='ocr_par' dir='ltr' id='par_1_2' title="bbox 554 276 1276 347">
     <span class='ocr_line' id='line_1_2' title="bbox 554 276 1276 347; baseline 0.003 -14"><span class='ocrx_word' id='word_1_2' title='bbox 554 277 814 337; x_wconf 74' lang='lat' dir='ltr'><strong>ronmtcsrus</strong></span> <span class='ocrx_word' id='word_1_3' title='bbox 834 280 932 335; x_wconf 79' lang='grc' dir='ltr'><strong>ΔΝΝΟ</strong></span> <span class='ocrx_word' id='word_1_4' title='bbox 950 282 1013 347; x_wconf 84' lang='lat' dir='ltr'><strong>vlt,</strong></span> <span class='ocrx_word' id='word_1_5' title='bbox 1033 282 1176 337; x_wconf 79' lang='lat' dir='ltr'>CHRISTI</span> <span class='ocrx_word' id='word_1_6' title='bbox 1197 276 1276 336; x_wconf 80' lang='grc'><strong>1201.</strong></span> 
     </span>
    </p>
   </div>
   <div class='ocr_carea' id='block_1_3' title="bbox 1717 264 1772 340">
    <p class='ocr_par' dir='ltr' id='par_1_3' title="bbox 1717 264 1772 340">
     <span class='ocr_line' id='line_1_3' title="bbox 1717 264 1772 340; baseline 0 0"><span class='ocrx_word' id='word_1_7' title='bbox 1717 264 1772 340; x_wconf 72' lang='lat'><strong>502</strong></span> 
     </span>
    </p>
   </div>
   <div class='ocr_carea' id='block_1_4' title="bbox 58 398 1771 477">
    <p class='ocr_par' dir='ltr' id='par_1_4' title="bbox 58 398 1771 477">
     <span class='ocr_line' id='line_1_4' title="bbox 58 398 1771 477; baseline 0.005 -20"><span class='ocrx_word' id='word_1_8' title='bbox 58 404 86 457; x_wconf 86' lang='lat' dir='ltr'><strong>ct</strong></span> <span class='ocrx_word' id='word_1_9' title='bbox 98 398 152 472; x_wconf 87' lang='lat' dir='ltr'><strong>qui</strong></span> <span class='ocrx_word' id='word_1_10' title='bbox 169 415 202 456; x_wconf 89' lang='lat' dir='ltr'><strong>se</strong></span> <span class='ocrx_word' id='word_1_11' title='bbox 214 399 387 472; x_wconf 79' lang='lat' dir='ltr'><strong>professioni</strong></span> <span class='ocrx_word' id='word_1_12' title='bbox 398 401 569 457; x_wconf 79' lang='lat' dir='ltr'><strong>monastice</strong></span> <span class='ocrx_word' id='word_1_13' title='bbox 580 400 768 474; x_wconf 85' lang='lat' dir='ltr'><strong>devoverunt,</strong></span> <span class='ocrx_word' id='word_1_14' title='bbox 780 402 889 459; x_wconf 88' lang='lat' dir='ltr'><strong>clausis</strong></span> <span class='ocrx_word' id='word_1_15' title='bbox 903 405 932 472; x_wconf 73' lang='grc' dir='ltr'><strong>Α</strong></span> <span class='ocrx_word' id='word_1_16' title='bbox 946 403 1109 476; x_wconf 82' lang='lat' dir='ltr'><strong>pravitatis,</strong></span> <span class='ocrx_word' id='word_1_17' title='bbox 1127 420 1178 477; x_wconf 90' lang='lat' dir='ltr'><strong>per</strong></span> <span class='ocrx_word' id='word_1_18' title='bbox 1192 420 1280 476; x_wconf 87' lang='lat' dir='ltr'><strong>quam</strong></span> <span class='ocrx_word' id='word_1_19' title='bbox 1297 422 1355 461; x_wconf 91' lang='lat' dir='ltr'><strong>non</strong></span> <span class='ocrx_word' id='word_1_20' title='bbox 1370 402 1467 462; x_wconf 91' lang='lat' dir='ltr'><strong>solum</strong></span> <span class='ocrx_word' id='word_1_21' title='bbox 1479 421 1593 473; x_wconf 84' lang='lat' dir='ltr'><strong>usuras,</strong></span> <span class='ocrx_word' id='word_1_22' title='bbox 1605 405 1655 463; x_wconf 89' lang='lat' dir='ltr'><strong>sed</strong></span> <span class='ocrx_word' id='word_1_23' title='bbox 1667 424 1771 465; x_wconf 87' lang='lat' dir='ltr'><strong>usuras</strong></span> 
     </span>
    </p>
   </div>
   <div class='ocr_carea' id='block_1_5' title="bbox 55 488 893 2803">
    <p class='ocr_par' dir='ltr' id='par_1_5' title="bbox 55 488 893 2803">
     <span class='ocr_line' id='line_1_5' title="bbox 57 488 892 561; baseline 0.001 -15"><span class='ocrx_word' id='word_1_24' title='bbox 57 488 252 546; x_wconf 87' lang='lat' dir='ltr'><strong>ecelesiarum</strong></span> <span class='ocrx_word' id='word_1_25' title='bbox 264 489 379 561; x_wconf 77' lang='lat' dir='ltr'><strong>januis,</strong></span> <span class='ocrx_word' id='word_1_26' title='bbox 391 489 518 547; x_wconf 81' lang='lat' dir='ltr'>exclusis</span> <span class='ocrx_word' id='word_1_27' title='bbox 529 492 793 548; x_wconf 76' lang='lat' dir='ltr'><strong>excommunicatis</strong></span> <span class='ocrx_word' id='word_1_28' title='bbox 804 498 833 548; x_wconf 92' lang='lat' dir='ltr'><strong>ct</strong></span> <span class='ocrx_word' id='word_1_29' title='bbox 845 493 892 547; x_wconf 88' lang='lat' dir='ltr'><strong>in-</strong></span> 
     </span>
     <span class='ocr_line' id='line_1_6' title="bbox 56 576 890 654; baseline 0.004 -19"><span class='ocrx_word' id='word_1_30' title='bbox 56 578 202 647; x_wconf 81' lang='lat' dir='ltr'><strong>terdictis,</strong></span> <span class='ocrx_word' id='word_1_31' title='bbox 219 595 278 634; x_wconf 92' lang='lat' dir='ltr'><strong>non</strong></span> <span class='ocrx_word' id='word_1_32' title='bbox 303 576 432 652; x_wconf 89' lang='lat' dir='ltr'><strong>pulsatis</strong></span> <span class='ocrx_word' id='word_1_33' title='bbox 457 580 620 653; x_wconf 88' lang='lat' dir='ltr'><strong>campanis,</strong></span> <span class='ocrx_word' id='word_1_34' title='bbox 632 598 794 654; x_wconf 87' lang='lat' dir='ltr'><strong>suppressa</strong></span> <span class='ocrx_word' id='word_1_35' title='bbox 809 599 890 650; x_wconf 80' lang='lat' dir='ltr'><strong>voce,</strong></span> 
     </span>
     <span class='ocr_line' id='line_1_7' title="bbox 57 667 890 743; baseline 0.001 -19"><span class='ocrx_word' id='word_1_36' title='bbox 57 667 438 735; x_wconf 83' lang='lat' dir='ltr'><strong>dirinaofflciaeelebrcnt,</strong></span> <span class='ocrx_word' id='word_1_37' title='bbox 450 678 477 726; x_wconf 90' lang='lat' dir='ltr'><strong>et</strong></span> <span class='ocrx_word' id='word_1_38' title='bbox 492 670 743 742; x_wconf 84' lang='lat' dir='ltr'><strong>peragantdebita</strong></span> <span class='ocrx_word' id='word_1_39' title='bbox 757 670 890 743; x_wconf 91' lang='lat' dir='ltr'><strong>sepultu-</strong></span> 
     </span>
     <span class='ocr_line' id='line_1_8' title="bbox 58 758 889 832; baseline 0.001 -17"><span class='ocrx_word' id='word_1_40' title='bbox 58 776 104 815; x_wconf 73' lang='lat' dir='ltr'><strong>re.</strong></span> <span class='ocrx_word' id='word_1_41' title='bbox 114 759 275 825; x_wconf 79' lang='lat' dir='ltr'><strong>Ceteram,</strong></span> <span class='ocrx_word' id='word_1_42' title='bbox 288 758 434 825; x_wconf 75' lang='lat' dir='ltr'><strong>abbatias,</strong></span> <span class='ocrx_word' id='word_1_43' title='bbox 446 775 521 832; x_wconf 87' lang='lat' dir='ltr'><strong>quas</strong></span> <span class='ocrx_word' id='word_1_44' title='bbox 536 759 769 832; x_wconf 69' lang='lat' dir='ltr'><strong>prodecessores</strong></span> <span class='ocrx_word' id='word_1_45' title='bbox 784 759 889 832; x_wconf 93' lang='lat' dir='ltr'><strong>nostri,</strong></span> 
     </span>
     <span class='ocr_line' id='line_1_9' title="bbox 56 847 891 921; baseline -0.001 -14"><span class='ocrx_word' id='word_1_46' title='bbox 56 847 182 907; x_wconf 79' lang='lat' dir='ltr'><strong>Romani</strong></span> <span class='ocrx_word' id='word_1_47' title='bbox 200 847 364 921; x_wconf 85' lang='lat' dir='ltr'><strong>pontifices,</strong></span> <span class='ocrx_word' id='word_1_48' title='bbox 373 848 480 905; x_wconf 80' lang='lat' dir='ltr'><strong>vestris</strong></span> <span class='ocrx_word' id='word_1_49' title='bbox 491 849 757 920; x_wconf 73' lang='lat' dir='ltr'><strong>prodecessoribus</strong></span> <span class='ocrx_word' id='word_1_50' title='bbox 770 864 891 907; x_wconf 89' lang='lat' dir='ltr'><strong>conces·</strong></span> 
     </span>
     <span class='ocr_line' id='line_1_10' title="bbox 56 938 891 1011; baseline 0 -15"><span class='ocrx_word' id='word_1_51' title='bbox 56 942 174 1007; x_wconf 77' lang='lat' dir='ltr'><strong>uernat,</strong></span> <span class='ocrx_word' id='word_1_52' title='bbox 192 954 245 994; x_wconf 87' lang='lat' dir='ltr'><strong>nos</strong></span> <span class='ocrx_word' id='word_1_53' title='bbox 260 954 378 1011; x_wconf 88' lang='lat' dir='ltr'><strong>quoque</strong></span> <span class='ocrx_word' id='word_1_54' title='bbox 392 938 476 994; x_wconf 84' lang='lat' dir='ltr'><strong>robis</strong></span> <span class='ocrx_word' id='word_1_55' title='bbox 497 941 526 995; x_wconf 90' lang='lat' dir='ltr'><strong>et</strong></span> <span class='ocrx_word' id='word_1_56' title='bbox 545 938 769 996; x_wconf 89' lang='lat' dir='ltr'><strong>successoribus</strong></span> <span class='ocrx_word' id='word_1_57' title='bbox 784 938 891 996; x_wconf 84' lang='lat' dir='ltr'><strong>restris</strong></span> 
     </span>
     <span class='ocr_line' id='line_1_11' title="bbox 56 1026 889 1100; baseline -0.001 -16"><span class='ocrx_word' id='word_1_58' title='bbox 56 1026 201 1085; x_wconf 86' lang='lat' dir='ltr'><strong>duximus</strong></span> <span class='ocrx_word' id='word_1_59' title='bbox 216 1026 432 1097; x_wconf 88' lang='lat' dir='ltr'><strong>concedendas,</strong></span> <span class='ocrx_word' id='word_1_60' title='bbox 448 1032 481 1083; x_wconf 94' lang='lat' dir='ltr'><strong>ut</strong></span> <span class='ocrx_word' id='word_1_61' title='bbox 502 1043 553 1100; x_wconf 91' lang='lat' dir='ltr'><strong>per</strong></span> <span class='ocrx_word' id='word_1_62' title='bbox 569 1027 745 1084; x_wconf 89' lang='lat' dir='ltr'><strong>industriam</strong></span> <span class='ocrx_word' id='word_1_63' title='bbox 760 1033 889 1085; x_wconf 90' lang='lat' dir='ltr'><strong>vestram</strong></span> 
     </span>
     <span class='ocr_line' id='line_1_12' title="bbox 56 1115 891 1191; baseline 0 -17"><span class='ocrx_word' id='word_1_64' title='bbox 56 1116 211 1191; x_wconf 73' lang='lat' dir='ltr'><strong>roligionis</strong></span> <span class='ocrx_word' id='word_1_65' title='bbox 225 1120 324 1173; x_wconf 90' lang='lat' dir='ltr'><strong>status</strong></span> <span class='ocrx_word' id='word_1_66' title='bbox 339 1115 369 1171; x_wconf 91' lang='lat' dir='ltr'><strong>in</strong></span> <span class='ocrx_word' id='word_1_67' title='bbox 387 1117 441 1184; x_wconf 84' lang='lat' dir='ltr'><strong>sis,</strong></span> <span class='ocrx_word' id='word_1_68' title='bbox 457 1120 577 1172; x_wconf 88' lang='lat' dir='ltr'><strong>auctore</strong></span> <span class='ocrx_word' id='word_1_69' title='bbox 594 1116 727 1186; x_wconf 86' lang='lat' dir='ltr'><strong>Domino,</strong></span> <span class='ocrx_word' id='word_1_70' title='bbox 741 1132 891 1174; x_wconf 80' lang='lat' dir='ltr'><strong>conserue-</strong></span> 
     </span>
     <span class='ocr_line' id='line_1_13' title="bbox 56 1203 890 1275; baseline 0 -12"><span class='ocrx_word' id='word_1_71' title='bbox 56 1214 120 1275; x_wconf 79' lang='lat' dir='ltr'><strong>tur3</strong></span> <span class='ocrx_word' id='word_1_72' title='bbox 145 1203 294 1275; x_wconf 77' lang='lat' dir='ltr'><strong>videlieet,</strong></span> <span class='ocrx_word' id='word_1_73' title='bbox 310 1204 442 1261; x_wconf 82' lang='lat' dir='ltr'><strong>abbatias</strong></span> <span class='ocrx_word' id='word_1_74' title='bbox 467 1205 566 1262; x_wconf 84' lang='lat' dir='ltr'><strong>Sancti</strong></span> <span class='ocrx_word' id='word_1_75' title='bbox 591 1206 735 1263; x_wconf 83' lang='lat' dir='ltr'><strong>Martialis</strong></span> <span class='ocrx_word' id='word_1_76' title='bbox 762 1204 890 1263; x_wconf 80' lang='lat' dir='ltr'><strong>lemovi-</strong></span> 
     </span>
     <span class='ocr_line' id='line_1_14' title="bbox 57 1293 891 1361; baseline 0 -9"><span class='ocrx_word' id='word_1_77' title='bbox 57 1293 167 1361; x_wconf 84' lang='lat' dir='ltr'><strong>censis,</strong></span> <span class='ocrx_word' id='word_1_78' title='bbox 185 1293 356 1351; x_wconf 83' lang='lat' dir='ltr'><strong>Monnsterii</strong></span> <span class='ocrx_word' id='word_1_79' title='bbox 372 1294 438 1349; x_wconf 87' lang='lat' dir='ltr'><strong>nori</strong></span> <span class='ocrx_word' id='word_1_80' title='bbox 452 1294 644 1361; x_wconf 76' lang='lat' dir='ltr'><strong>pictavensis,</strong></span> <span class='ocrx_word' id='word_1_81' title='bbox 656 1294 754 1351; x_wconf 86' lang='lat' dir='ltr'><strong>Sancti</strong></span> <span class='ocrx_word' id='word_1_82' title='bbox 769 1294 891 1352; x_wconf 86' lang='lat' dir='ltr'><strong>loannis</strong></span> 
     </span>
     <span class='ocr_line' id='line_1_15' title="bbox 56 1383 889 1458; baseline 0 -17"><span class='ocrx_word' id='word_1_83' title='bbox 56 1384 277 1458; x_wconf 73' lang='lat' dir='ltr'><strong>Angliaeensis,</strong></span> <span class='ocrx_word' id='word_1_84' title='bbox 295 1383 466 1439; x_wconf 87' lang='lat' dir='ltr'><strong>monasterii</strong></span> <span class='ocrx_word' id='word_1_85' title='bbox 483 1384 665 1450; x_wconf 86' lang='lat' dir='ltr'><strong>Lesaceusis,</strong></span> <span class='ocrx_word' id='word_1_86' title='bbox 678 1385 889 1453; x_wconf 84' lang='lat' dir='ltr'><strong>bloisiaccnsis,</strong></span> 
     </span>
     <span class='ocr_line' id='line_1_16' title="bbox 58 1473 890 1549; baseline -0.005 -16"><span class='ocrx_word' id='word_1_87' title='bbox 58 1474 255 1549; x_wconf 73' lang='lat' dir='ltr'><strong>figiacensis,</strong></span> <span class='ocrx_word' id='word_1_88' title='bbox 284 1473 503 1539; x_wconf 82' lang='lat' dir='ltr'><strong>llauziaccasis,</strong></span> <span class='ocrx_word' id='word_1_89' title='bbox 529 1473 712 1540; x_wconf 83' lang='lat' dir='ltr'><strong>Tieruensis,</strong></span> <span class='ocrx_word' id='word_1_90' title='bbox 739 1478 767 1529; x_wconf 91' lang='lat' dir='ltr'><strong>et</strong></span> <span class='ocrx_word' id='word_1_91' title='bbox 792 1474 890 1530; x_wconf 85' lang='lat' dir='ltr'><strong>Sancti</strong></span> 
     </span>
     <span class='ocr_line' id='line_1_17' title="bbox 55 1561 890 1631; baseline -0.004 -9"><span class='ocrx_word' id='word_1_92' title='bbox 55 1563 198 1623; x_wconf 85' lang='lat' dir='ltr'><strong>Germani</strong></span> <span class='ocrx_word' id='word_1_93' title='bbox 218 1561 503 1631; x_wconf 80' lang='lat' dir='ltr'><strong>Autissiodorensis;</strong></span> <span class='ocrx_word' id='word_1_94' title='bbox 519 1562 592 1618; x_wconf 89' lang='lat' dir='ltr'><strong>illud</strong></span> <span class='ocrx_word' id='word_1_95' title='bbox 618 1563 813 1619; x_wconf 87' lang='lat' dir='ltr'><strong>nibilominus</strong></span> <span class='ocrx_word' id='word_1_96' title='bbox 829 1569 890 1619; x_wconf 93' lang='lat' dir='ltr'><strong>sta·</strong></span> 
     </span>
     <span class='ocr_line' id='line_1_18' title="bbox 55 1651 891 1721; baseline -0.002 -10"><span class='ocrx_word' id='word_1_97' title='bbox 55 1659 186 1721; x_wconf 88' lang='lat' dir='ltr'><strong>tuentes,</strong></span> <span class='ocrx_word' id='word_1_98' title='bbox 201 1658 233 1709; x_wconf 91' lang='lat' dir='ltr'><strong>ut</strong></span> <span class='ocrx_word' id='word_1_99' title='bbox 249 1653 277 1707; x_wconf 93' lang='lat' dir='ltr'><strong>in</strong></span> <span class='ocrx_word' id='word_1_100' title='bbox 293 1652 335 1707; x_wconf 82' lang='lat' dir='ltr'><strong>eis</strong></span> <span class='ocrx_word' id='word_1_101' title='bbox 349 1652 414 1708; x_wconf 87' lang='lat' dir='ltr'><strong>slus</strong></span> <span class='ocrx_word' id='word_1_102' title='bbox 427 1651 543 1708; x_wconf 86' lang='lat' dir='ltr'><strong>abbatis</strong></span> <span class='ocrx_word' id='word_1_103' title='bbox 554 1651 756 1709; x_wconf 83' lang='lat' dir='ltr'><strong>Cluniuecnsis</strong></span> <span class='ocrx_word' id='word_1_104' title='bbox 767 1653 891 1709; x_wconf 88' lang='lat' dir='ltr'><strong>consilio</strong></span> 
     </span>
     <span class='ocr_line' id='line_1_19' title="bbox 55 1739 892 1816; baseline -0.004 -16"><span class='ocrx_word' id='word_1_105' title='bbox 55 1739 892 1816; x_wconf 73' lang='lat' dir='ltr'><strong>abbasnullatenuseligutur.l³aciquoque,ettraaqailli·</strong></span> 
     </span>
     <span class='ocr_line' id='line_1_20' title="bbox 55 1832 889 1907; baseline -0.004 -16"><span class='ocrx_word' id='word_1_106' title='bbox 55 1836 105 1891; x_wconf 81' lang='lat' dir='ltr'><strong>tati</strong></span> <span class='ocrx_word' id='word_1_107' title='bbox 118 1838 228 1891; x_wconf 77' lang='lat' dir='ltr'><strong>vestre</strong></span> <span class='ocrx_word' id='word_1_108' title='bbox 245 1838 367 1907; x_wconf 89' lang='lat' dir='ltr'><strong>paterna</strong></span> <span class='ocrx_word' id='word_1_109' title='bbox 379 1832 573 1905; x_wconf 88' lang='lat' dir='ltr'><strong>imposterum</strong></span> <span class='ocrx_word' id='word_1_110' title='bbox 586 1832 783 1890; x_wconf 89' lang='lat' dir='ltr'><strong>sollicitudine</strong></span> <span class='ocrx_word' id='word_1_111' title='bbox 793 1834 889 1907; x_wconf 89' lang='lat' dir='ltr'><strong>provi·</strong></span> 
     </span>
     <span class='ocr_line' id='line_1_21' title="bbox 57 1920 890 1995; baseline -0.005 -14"><span class='ocrx_word' id='word_1_112' title='bbox 57 1926 127 1981; x_wconf 87' lang='lat' dir='ltr'><strong>dere</strong></span> <span class='ocrx_word' id='word_1_113' title='bbox 143 1924 288 1990; x_wconf 79' lang='lat' dir='ltr'><strong>volentes,</strong></span> <span class='ocrx_word' id='word_1_114' title='bbox 304 1922 480 1978; x_wconf 88' lang='lat' dir='ltr'><strong>auctoritate</strong></span> <span class='ocrx_word' id='word_1_115' title='bbox 505 1920 665 1994; x_wconf 87' lang='lat' dir='ltr'><strong>apostolica</strong></span> <span class='ocrx_word' id='word_1_116' title='bbox 689 1920 890 1995; x_wconf 85' lang='lat' dir='ltr'><strong>prohibemus,</strong></span> 
     </span>
     <span class='ocr_line' id='line_1_22' title="bbox 59 2009 891 2084; baseline -0.001 -15"><span class='ocrx_word' id='word_1_117' title='bbox 59 2018 89 2069; x_wconf 90' lang='lat' dir='ltr'><strong>nt</strong></span> <span class='ocrx_word' id='word_1_118' title='bbox 112 2012 197 2069; x_wconf 80' lang='lat' dir='ltr'><strong>infra</strong></span> <span class='ocrx_word' id='word_1_119' title='bbox 219 2011 361 2069; x_wconf 88' lang='lat' dir='ltr'><strong>terminos</strong></span> <span class='ocrx_word' id='word_1_120' title='bbox 382 2011 457 2067; x_wconf 89' lang='lat' dir='ltr'><strong>sacri</strong></span> <span class='ocrx_word' id='word_1_121' title='bbox 482 2009 585 2083; x_wconf 92' lang='lat' dir='ltr'><strong>banni,</strong></span> <span class='ocrx_word' id='word_1_122' title='bbox 603 2026 677 2084; x_wconf 86' lang='lat' dir='ltr'><strong>quos</strong></span> <span class='ocrx_word' id='word_1_123' title='bbox 701 2012 891 2084; x_wconf 76' lang='lat' dir='ltr'><strong>supradictus</strong></span> 
     </span>
     <span class='ocr_line' id='line_1_23' title="bbox 57 2098 892 2173; baseline -0.004 -14"><span class='ocrx_word' id='word_1_124' title='bbox 57 2102 198 2159; x_wconf 80' lang='lat' dir='ltr'><strong>Urbanus</strong></span> <span class='ocrx_word' id='word_1_125' title='bbox 214 2118 289 2173; x_wconf 84' lang='lat' dir='ltr'><strong>papa</strong></span> <span class='ocrx_word' id='word_1_126' title='bbox 312 2101 457 2169; x_wconf 83' lang='lat' dir='ltr'><strong>distinxit,</strong></span> <span class='ocrx_word' id='word_1_127' title='bbox 474 2117 526 2157; x_wconf 87' lang='lat' dir='ltr'><strong>seu</strong></span> <span class='ocrx_word' id='word_1_128' title='bbox 544 2100 620 2157; x_wconf 91' lang='lat' dir='ltr'><strong>infra</strong></span> <span class='ocrx_word' id='word_1_129' title='bbox 645 2101 797 2157; x_wconf 87' lang='lat' dir='ltr'><strong>clausuras</strong></span> <span class='ocrx_word' id='word_1_130' title='bbox 812 2098 892 2157; x_wconf 91' lang='lat' dir='ltr'><strong>loco·</strong></span> 
     </span>
     <span class='ocr_line' id='line_1_24' title="bbox 56 2186 893 2265; baseline -0.004 -16"><span class='ocrx_word' id='word_1_131' title='bbox 56 2207 134 2261; x_wconf 84' lang='lat' dir='ltr'><strong>rum,</strong></span> <span class='ocrx_word' id='word_1_132' title='bbox 145 2190 195 2247; x_wconf 82' lang='lat' dir='ltr'><strong>nel</strong></span> <span class='ocrx_word' id='word_1_133' title='bbox 211 2191 403 2265; x_wconf 80' lang='lat' dir='ltr'><strong>grangiarum</strong></span> <span class='ocrx_word' id='word_1_134' title='bbox 420 2194 598 2261; x_wconf 82' lang='lat' dir='ltr'><strong>vestrorum,</strong></span> <span class='ocrx_word' id='word_1_135' title='bbox 612 2189 713 2246; x_wconf 92' lang='lat' dir='ltr'><strong>nullus</strong></span> <span class='ocrx_word' id='word_1_136' title='bbox 728 2186 829 2261; x_wconf 92' lang='lat' dir='ltr'><strong>homo,</strong></span> <span class='ocrx_word' id='word_1_137' title='bbox 844 2206 893 2245; x_wconf 91' lang='lat' dir='ltr'><strong>cu·</strong></span> 
     </span>
     <span class='ocr_line' id='line_1_25' title="bbox 57 2278 891 2355; baseline -0.002 -17"><span class='ocrx_word' id='word_1_138' title='bbox 57 2284 230 2355; x_wconf 81' lang='lat' dir='ltr'><strong>jascunque</strong></span> <span class='ocrx_word' id='word_1_139' title='bbox 244 2278 422 2337; x_wconf 88' lang='lat' dir='ltr'><strong>conditionis</strong></span> <span class='ocrx_word' id='word_1_140' title='bbox 437 2285 488 2336; x_wconf 91' lang='lat' dir='ltr'><strong>aut</strong></span> <span class='ocrx_word' id='word_1_141' title='bbox 504 2278 658 2352; x_wconf 86' lang='lat' dir='ltr'><strong>potestatis</strong></span> <span class='ocrx_word' id='word_1_142' title='bbox 675 2279 791 2346; x_wconf 84' lang='lat' dir='ltr'><strong>existat,</strong></span> <span class='ocrx_word' id='word_1_143' title='bbox 809 2278 891 2336; x_wconf 88' lang='lat' dir='ltr'><strong>inva-</strong></span> 
     </span>
     <span class='ocr_line' id='line_1_26' title="bbox 57 2368 890 2444; baseline -0.004 -14"><span class='ocrx_word' id='word_1_144' title='bbox 57 2371 188 2439; x_wconf 84' lang='lat' dir='ltr'><strong>sionem,</strong></span> <span class='ocrx_word' id='word_1_145' title='bbox 205 2370 345 2444; x_wconf 80' lang='lat' dir='ltr'><strong>predam,</strong></span> <span class='ocrx_word' id='word_1_146' title='bbox 362 2372 413 2426; x_wconf 88' lang='lat' dir='ltr'><strong>aut</strong></span> <span class='ocrx_word' id='word_1_147' title='bbox 430 2369 575 2442; x_wconf 74' lang='lat' dir='ltr'><strong>rapinam,</strong></span> <span class='ocrx_word' id='word_1_148' title='bbox 591 2368 636 2426; x_wconf 89' lang='lat' dir='ltr'><strong>vel</strong></span> <span class='ocrx_word' id='word_1_149' title='bbox 658 2370 768 2426; x_wconf 91' lang='lat' dir='ltr'><strong>furtum</strong></span> <span class='ocrx_word' id='word_1_150' title='bbox 787 2370 890 2437; x_wconf 88' lang='lat' dir='ltr'><strong>facere,</strong></span> 
     </span>
     <span class='ocr_line' id='line_1_27' title="bbox 56 2458 891 2535; baseline -0.004 -16"><span class='ocrx_word' id='word_1_151' title='bbox 56 2462 157 2535; x_wconf 77' lang='lat' dir='ltr'><strong>ignem</strong></span> <span class='ocrx_word' id='word_1_152' title='bbox 173 2474 335 2534; x_wconf 87' lang='lat' dir='ltr'><strong>apponere,</strong></span> <span class='ocrx_word' id='word_1_153' title='bbox 350 2459 524 2532; x_wconf 78' lang='lat' dir='ltr'><strong>sanguinem</strong></span> <span class='ocrx_word' id='word_1_154' title='bbox 542 2458 675 2529; x_wconf 90' lang='lat' dir='ltr'><strong>fundere,</strong></span> <span class='ocrx_word' id='word_1_155' title='bbox 686 2459 835 2517; x_wconf 89' lang='lat' dir='ltr'><strong>bominem</strong></span> <span class='ocrx_word' id='word_1_156' title='bbox 852 2465 891 2516; x_wconf 93' lang='lat' dir='ltr'><strong>te·</strong></span> 
     </span>
     <span class='ocr_line' id='line_1_28' title="bbox 58 2546 890 2623; baseline -0.004 -14"><span class='ocrx_word' id='word_1_157' title='bbox 58 2566 138 2609; x_wconf 82' lang='lat' dir='ltr'><strong>mere</strong></span> <span class='ocrx_word' id='word_1_158' title='bbox 147 2566 266 2623; x_wconf 73' lang='lat' dir='ltr'><strong>cupere,</strong></span> <span class='ocrx_word' id='word_1_159' title='bbox 276 2564 328 2606; x_wconf 90' lang='lat' dir='ltr'><strong>seu</strong></span> <span class='ocrx_word' id='word_1_160' title='bbox 339 2546 533 2605; x_wconf 88' lang='lat' dir='ltr'><strong>homicidium</strong></span> <span class='ocrx_word' id='word_1_161' title='bbox 546 2554 712 2621; x_wconf 83' lang='lat' dir='ltr'><strong>perpetrare</strong></span> <span class='ocrx_word' id='word_1_162' title='bbox 722 2552 890 2621; x_wconf 80' lang='lat' dir='ltr'><strong>praesumat.</strong></span> 
     </span>
     <span class='ocr_line' id='line_1_29' title="bbox 59 2636 891 2711; baseline -0.006 -12"><span class='ocrx_word' id='word_1_163' title='bbox 59 2642 216 2709; x_wconf 80' lang='lat' dir='ltr'><strong>Praeterea,</strong></span> <span class='ocrx_word' id='word_1_164' title='bbox 237 2654 341 2695; x_wconf 88' lang='lat' dir='ltr'><strong>omncs</strong></span> <span class='ocrx_word' id='word_1_165' title='bbox 364 2636 525 2707; x_wconf 86' lang='lat' dir='ltr'><strong>libertates,</strong></span> <span class='ocrx_word' id='word_1_166' title='bbox 541 2643 568 2693; x_wconf 91' lang='lat' dir='ltr'><strong>et</strong></span> <span class='ocrx_word' id='word_1_167' title='bbox 594 2636 806 2708; x_wconf 83' lang='lat' dir='ltr'><strong>immunitates,</strong></span> <span class='ocrx_word' id='word_1_168' title='bbox 824 2642 891 2711; x_wconf 82' lang='lat' dir='ltr'><strong>etc,</strong></span> 
     </span>
     <span class='ocr_line' id='line_1_30' title="bbox 60 2727 893 2803; baseline -0.002 -16"><span class='ocrx_word' id='word_1_169' title='bbox 60 2746 148 2803; x_wconf 72' lang='lat' dir='ltr'><strong>usqae</strong></span> <span class='ocrx_word' id='word_1_170' title='bbox 165 2728 402 2786; x_wconf 85' lang='lat' dir='ltr'><strong>communimus.</strong></span> <span class='ocrx_word' id='word_1_171' title='bbox 416 2727 610 2783; x_wconf 87' lang='lat' dir='ltr'><strong>Decernimus</strong></span> <span class='ocrx_word' id='word_1_172' title='bbox 625 2742 705 2800; x_wconf 83' lang='lat' dir='ltr'><strong>ergo,</strong></span> <span class='ocrx_word' id='word_1_173' title='bbox 722 2732 790 2798; x_wconf 81' lang='lat' dir='ltr'><strong>etc,</strong></span> <span class='ocrx_word' id='word_1_174' title='bbox 807 2742 893 2799; x_wconf 77' lang='lat' dir='ltr'><strong>arque</strong></span> 
     </span>
    </p>
   </div>
   <div class='ocr_carea' id='block_1_6' title="bbox 944 492 1774 2800">
    <p class='ocr_par' dir='ltr' id='par_1_6' title="bbox 944 492 1774 2517">
     <span class='ocr_line' id='line_1_31' title="bbox 946 492 1772 569; baseline 0.006 -20"><span class='ocrx_word' id='word_1_175' title='bbox 946 510 1101 550; x_wconf 91' lang='lat' dir='ltr'><strong>usurarum</strong></span> <span class='ocrx_word' id='word_1_176' title='bbox 1119 499 1304 567; x_wconf 86' lang='lat' dir='ltr'><strong>extorquent,</strong></span> <span class='ocrx_word' id='word_1_177' title='bbox 1317 492 1508 551; x_wconf 89' lang='lat' dir='ltr'><strong>ecclesiarum</strong></span> <span class='ocrx_word' id='word_1_178' title='bbox 1524 494 1600 551; x_wconf 92' lang='lat' dir='ltr'><strong>bana</strong></span> <span class='ocrx_word' id='word_1_179' title='bbox 1615 504 1643 550; x_wconf 88' lang='lat' dir='ltr'><strong>et</strong></span> <span class='ocrx_word' id='word_1_180' title='bbox 1657 512 1772 569; x_wconf 87' lang='lat' dir='ltr'><strong>posses·</strong></span> 
     </span>
     <span class='ocr_line' id='line_1_32' title="bbox 945 582 1771 657; baseline 0.002 -18"><span class='ocrx_word' id='word_1_181' title='bbox 945 583 1044 639; x_wconf 88' lang='lat' dir='ltr'><strong>siones</strong></span> <span class='ocrx_word' id='word_1_182' title='bbox 1056 583 1289 640; x_wconf 79' lang='lat' dir='ltr'><strong>Christianorum</strong></span> <span class='ocrx_word' id='word_1_183' title='bbox 1302 588 1455 657; x_wconf 85' lang='lat' dir='ltr'><strong>usurpent,</strong></span> <span class='ocrx_word' id='word_1_184' title='bbox 1467 584 1568 656; x_wconf 82' lang='lat' dir='ltr'><strong>sicque</strong></span> <span class='ocrx_word' id='word_1_185' title='bbox 1578 582 1650 640; x_wconf 94' lang='lat' dir='ltr'><strong>illud</strong></span> <span class='ocrx_word' id='word_1_186' title='bbox 1667 584 1771 657; x_wconf 87' lang='lat' dir='ltr'><strong>imple·</strong></span> 
     </span>
     <span class='ocr_line' id='line_1_33' title="bbox 946 670 1770 747; baseline 0.004 -19"><span class='ocrx_word' id='word_1_187' title='bbox 946 677 1006 728; x_wconf 90' lang='lat' dir='ltr'><strong>tum</strong></span> <span class='ocrx_word' id='word_1_188' title='bbox 1031 670 1062 727; x_wconf 91' lang='lat' dir='ltr'><strong>ia</strong></span> <span class='ocrx_word' id='word_1_189' title='bbox 1086 671 1321 730; x_wconf 84' lang='lat' dir='ltr'><strong>christianorum</strong></span> <span class='ocrx_word' id='word_1_190' title='bbox 1346 673 1454 747; x_wconf 92' lang='lat' dir='ltr'><strong>populo</strong></span> <span class='ocrx_word' id='word_1_191' title='bbox 1476 672 1620 744; x_wconf 88' lang='lat' dir='ltr'><strong>videatur,</strong></span> <span class='ocrx_word' id='word_1_192' title='bbox 1637 674 1714 745; x_wconf 90' lang='lat' dir='ltr'><strong>quod</strong></span> <span class='ocrx_word' id='word_1_193' title='bbox 1740 674 1770 731; x_wconf 91' lang='lat' dir='ltr'><strong>ia</strong></span> 
     </span>
     <span class='ocr_line' id='line_1_34' title="bbox 944 760 1771 836; baseline 0.002 -19"><span class='ocrx_word' id='word_1_194' title='bbox 944 761 1113 818; x_wconf 75' lang='lat' dir='ltr'><strong>iudeorum</strong></span> <span class='ocrx_word' id='word_1_195' title='bbox 1130 778 1256 835; x_wconf 89' lang='lat' dir='ltr'><strong>persona</strong></span> <span class='ocrx_word' id='word_1_196' title='bbox 1271 760 1414 836; x_wconf 90' lang='lat' dir='ltr'><strong>propheta</strong></span> <span class='ocrx_word' id='word_1_197' title='bbox 1429 760 1561 835; x_wconf 87' lang='lat' dir='ltr'><strong>deplorat</strong></span> <span class='ocrx_word' id='word_1_198' title='bbox 1577 779 1584 817; x_wconf 75' lang='grc' dir='ltr'>ι</span> <span class='ocrx_word' id='word_1_199' title='bbox 1606 760 1771 833; x_wconf 78' lang='lat' dir='ltr'><strong>lfaercditns,</strong></span> 
     </span>
     <span class='ocr_line' id='line_1_35' title="bbox 944 848 1773 923; baseline 0.005 -17"><span class='ocrx_word' id='word_1_200' title='bbox 944 850 1094 923; x_wconf 90' lang='lat' dir='ltr'><strong>inquiens,</strong></span> <span class='ocrx_word' id='word_1_201' title='bbox 1111 859 1205 908; x_wconf 77' lang='lat' dir='ltr'><strong>nostre</strong></span> <span class='ocrx_word' id='word_1_202' title='bbox 1220 867 1298 908; x_wconf 83' lang='lat' dir='ltr'><strong>uerso</strong></span> <span class='ocrx_word' id='word_1_203' title='bbox 1312 860 1352 908; x_wconf 81' lang='lat' dir='ltr'><strong>ert</strong></span> <span class='ocrx_word' id='word_1_204' title='bbox 1372 848 1408 908; x_wconf 79' lang='lat' dir='ltr'><strong>orl</strong></span> <span class='ocrx_word' id='word_1_205' title='bbox 1429 853 1544 918; x_wconf 82' lang='lat' dir='ltr'><strong>alienos,</strong></span> <span class='ocrx_word' id='word_1_206' title='bbox 1560 850 1654 907; x_wconf 82' lang='lat' dir='ltr'><strong>domur</strong></span> <span class='ocrx_word' id='word_1_207' title='bbox 1669 859 1773 910; x_wconf 78' lang='lat' dir='ltr'><strong>nostroe</strong></span> 
     </span>
     <span class='ocr_line' id='line_1_36' title="bbox 945 937 1772 1013; baseline 0.004 -19"><span class='ocrx_word' id='word_1_208' title='bbox 945 938 982 997; x_wconf 85' lang='lat' dir='ltr'><strong>ori</strong></span> <span class='ocrx_word' id='word_1_209' title='bbox 1002 949 1147 997; x_wconf 78' lang='lat' dir='ltr'><strong>extraneos</strong></span> <span class='ocrx_word' id='word_1_210' title='bbox 1163 941 1280 1013; x_wconf 78' lang='lat' dir='ltr'><strong>(Ttiren.</strong></span> <span class='ocrx_word' id='word_1_211' title='bbox 1295 941 1332 1013; x_wconf 89' lang='lat' dir='ltr'><strong>v).</strong></span> <span class='ocrx_word' id='word_1_212' title='bbox 1348 939 1500 1010; x_wconf 81' lang='lat' dir='ltr'><strong>Pretcrcn,</strong></span> <span class='ocrx_word' id='word_1_213' title='bbox 1517 956 1582 995; x_wconf 94' lang='lat' dir='ltr'><strong>cum</strong></span> <span class='ocrx_word' id='word_1_214' title='bbox 1601 937 1630 995; x_wconf 93' lang='lat' dir='ltr'><strong>in</strong></span> <span class='ocrx_word' id='word_1_215' title='bbox 1653 938 1772 997; x_wconf 73' lang='lat' dir='ltr'><strong>Latera·</strong></span> 
     </span>
     <span class='ocr_line' id='line_1_37' title="bbox 945 1027 1773 1099; baseline 0.002 -15"><span class='ocrx_word' id='word_1_216' title='bbox 945 1030 1029 1086; x_wconf 88' lang='lat' dir='ltr'><strong>nensi</strong></span> <span class='ocrx_word' id='word_1_217' title='bbox 1041 1028 1166 1087; x_wconf 89' lang='lat' dir='ltr'><strong>concilio</strong></span> <span class='ocrx_word' id='word_1_218' title='bbox 1178 1028 1217 1086; x_wconf 86' lang='lat' dir='ltr'><strong>sit</strong></span> <span class='ocrx_word' id='word_1_219' title='bbox 1228 1033 1387 1098; x_wconf 89' lang='lat' dir='ltr'><strong>statutam,</strong></span> <span class='ocrx_word' id='word_1_220' title='bbox 1399 1032 1431 1085; x_wconf 88' lang='lat' dir='ltr'><strong>ut</strong></span> <span class='ocrx_word' id='word_1_221' title='bbox 1444 1028 1458 1086; x_wconf 90' lang='lat' dir='ltr'>J</span> <span class='ocrx_word' id='word_1_222' title='bbox 1464 1028 1548 1099; x_wconf 79' lang='lat' dir='ltr'><strong>udal,</strong></span> <span class='ocrx_word' id='word_1_223' title='bbox 1560 1044 1614 1086; x_wconf 89' lang='lat' dir='ltr'><strong>nce</strong></span> <span class='ocrx_word' id='word_1_224' title='bbox 1625 1028 1679 1086; x_wconf 88' lang='lat' dir='ltr'><strong>sab</strong></span> <span class='ocrx_word' id='word_1_225' title='bbox 1693 1027 1773 1086; x_wconf 85' lang='lat' dir='ltr'><strong>alen·</strong></span> 
     </span>
     <span class='ocr_line' id='line_1_38' title="bbox 946 1117 1774 1192; baseline 0 -17"><span class='ocrx_word' id='word_1_226' title='bbox 946 1120 1049 1175; x_wconf 91' lang='lat' dir='ltr'><strong>dorurn</strong></span> <span class='ocrx_word' id='word_1_227' title='bbox 1066 1136 1222 1192; x_wconf 88' lang='lat' dir='ltr'><strong>puerorum</strong></span> <span class='ocrx_word' id='word_1_228' title='bbox 1236 1120 1369 1189; x_wconf 89' lang='lat' dir='ltr'><strong>obtentu,</strong></span> <span class='ocrx_word' id='word_1_229' title='bbox 1380 1135 1433 1176; x_wconf 85' lang='lat' dir='ltr'><strong>nec</strong></span> <span class='ocrx_word' id='word_1_230' title='bbox 1449 1136 1499 1192; x_wconf 89' lang='lat' dir='ltr'><strong>pro</strong></span> <span class='ocrx_word' id='word_1_231' title='bbox 1514 1118 1704 1189; x_wconf 85' lang='lat' dir='ltr'><strong>servitio,nec</strong></span> <span class='ocrx_word' id='word_1_232' title='bbox 1715 1117 1774 1176; x_wconf 91' lang='lat' dir='ltr'><strong>alia</strong></span> 
     </span>
     <span class='ocr_line' id='line_1_39' title="bbox 946 1206 1773 1280; baseline 0 -17"><span class='ocrx_word' id='word_1_233' title='bbox 946 1206 1078 1280; x_wconf 89' lang='lat' dir='ltr'><strong>qualibet</strong></span> <span class='ocrx_word' id='word_1_234' title='bbox 1092 1226 1192 1279; x_wconf 87' lang='lat' dir='ltr'><strong>causa,</strong></span> <span class='ocrx_word' id='word_1_235' title='bbox 1205 1206 1233 1263; x_wconf 90' lang='lat' dir='ltr'><strong>in</strong></span> <span class='ocrx_word' id='word_1_236' title='bbox 1248 1208 1386 1264; x_wconf 91' lang='lat' dir='ltr'><strong>domibus</strong></span> <span class='ocrx_word' id='word_1_237' title='bbox 1397 1206 1460 1264; x_wconf 84' lang='lat' dir='ltr'><strong>suis</strong></span> <span class='ocrx_word' id='word_1_238' title='bbox 1475 1206 1582 1263; x_wconf 78' lang='lat' dir='ltr'><strong>hohern</strong></span> <span class='ocrx_word' id='word_1_239' title='bbox 1598 1207 1773 1279; x_wconf 89' lang='lat' dir='ltr'><strong>permittan-</strong></span> 
     </span>
     <span class='ocr_line' id='line_1_40' title="bbox 944 1296 1773 1369; baseline 0.001 -17"><span class='ocrx_word' id='word_1_240' title='bbox 944 1303 995 1352; x_wconf 88' lang='lat' dir='ltr'><strong>tur</strong></span> <span class='ocrx_word' id='word_1_241' title='bbox 1010 1298 1158 1369; x_wconf 89' lang='lat' dir='ltr'><strong>mancipia</strong></span> <span class='ocrx_word' id='word_1_242' title='bbox 1169 1296 1400 1367; x_wconf 83' lang='lat' dir='ltr'><strong>christianu,sed</strong></span> <span class='ocrx_word' id='word_1_243' title='bbox 1417 1300 1709 1352; x_wconf 82' lang='lat' dir='ltr'><strong>excommunicentur</strong></span> <span class='ocrx_word' id='word_1_244' title='bbox 1724 1296 1773 1369; x_wconf 88' lang='lat' dir='ltr'><strong>qui</strong></span> 
     </span>
     <span class='ocr_line' id='line_1_41' title="bbox 945 1382 1774 1457; baseline -0.001 -17"><span class='ocrx_word' id='word_1_245' title='bbox 945 1385 1065 1441; x_wconf 90' lang='lat' dir='ltr'><strong>cumeis</strong></span> <span class='ocrx_word' id='word_1_246' title='bbox 1076 1382 1536 1457; x_wconf 75' lang='lat' dir='ltr'><strong>presumpserinthabitate,ipsi</strong></span> <span class='ocrx_word' id='word_1_247' title='bbox 1549 1384 1774 1440; x_wconf 83' lang='lat' dir='ltr'><strong>etscrrosf&#39;bri-</strong></span> 
     </span>
     <span class='ocr_line' id='line_1_42' title="bbox 946 1472 1773 1545; baseline -0.002 -16"><span class='ocrx_word' id='word_1_248' title='bbox 946 1473 1060 1530; x_wconf 88' lang='lat' dir='ltr'><strong>stianos</strong></span> <span class='ocrx_word' id='word_1_249' title='bbox 1076 1472 1184 1529; x_wconf 86' lang='lat' dir='ltr'><strong>habero</strong></span> <span class='ocrx_word' id='word_1_250' title='bbox 1200 1490 1257 1529; x_wconf 91' lang='lat' dir='ltr'><strong>non</strong></span> <span class='ocrx_word' id='word_1_251' title='bbox 1272 1474 1419 1539; x_wconf 89' lang='lat' dir='ltr'><strong>dubitant,</strong></span> <span class='ocrx_word' id='word_1_252' title='bbox 1432 1478 1460 1528; x_wconf 87' lang='lat' dir='ltr'><strong>et</strong></span> <span class='ocrx_word' id='word_1_253' title='bbox 1477 1472 1616 1539; x_wconf 83' lang='lat' dir='ltr'><strong>nutrices,</strong></span> <span class='ocrx_word' id='word_1_254' title='bbox 1628 1489 1694 1528; x_wconf 90' lang='lat' dir='ltr'><strong>cum</strong></span> <span class='ocrx_word' id='word_1_255' title='bbox 1707 1473 1773 1545; x_wconf 90' lang='lat' dir='ltr'><strong>qni·</strong></span> 
     </span>
     <span class='ocr_line' id='line_1_43' title="bbox 946 1562 1773 1634; baseline 0 -15"><span class='ocrx_word' id='word_1_256' title='bbox 946 1565 1001 1620; x_wconf 91' lang='lat' dir='ltr'><strong>bus</strong></span> <span class='ocrx_word' id='word_1_257' title='bbox 1017 1578 1066 1619; x_wconf 89' lang='lat' dir='ltr'><strong>eus</strong></span> <span class='ocrx_word' id='word_1_258' title='bbox 1081 1563 1230 1619; x_wconf 89' lang='lat' dir='ltr'><strong>interdum</strong></span> <span class='ocrx_word' id='word_1_259' title='bbox 1247 1562 1480 1619; x_wconf 79' lang='lat' dir='ltr'><strong>abominationes</strong></span> <span class='ocrx_word' id='word_1_260' title='bbox 1497 1566 1641 1630; x_wconf 70' lang='lat' dir='ltr'><strong>exercent,</strong></span> <span class='ocrx_word' id='word_1_261' title='bbox 1655 1578 1728 1634; x_wconf 83' lang='lat' dir='ltr'><strong>quas</strong></span> <span class='ocrx_word' id='word_1_262' title='bbox 1744 1567 1773 1620; x_wconf 90' lang='lat' dir='ltr'><strong>te</strong></span> 
     </span>
     <span class='ocr_line' id='line_1_44' title="bbox 947 1650 1771 1726; baseline 0 -18"><span class='ocrx_word' id='word_1_263' title='bbox 947 1652 1045 1725; x_wconf 86' lang='lat' dir='ltr'><strong>potius</strong></span> <span class='ocrx_word' id='word_1_264' title='bbox 1062 1652 1165 1726; x_wconf 90' lang='lat' dir='ltr'><strong>punire</strong></span> <span class='ocrx_word' id='word_1_265' title='bbox 1181 1653 1317 1710; x_wconf 79' lang='lat' dir='ltr'><strong>conuenit</strong></span> <span class='ocrx_word' id='word_1_266' title='bbox 1333 1668 1421 1722; x_wconf 85' lang='lat' dir='ltr'><strong>quam</strong></span> <span class='ocrx_word' id='word_1_267' title='bbox 1439 1668 1492 1707; x_wconf 90' lang='lat' dir='ltr'><strong>nos</strong></span> <span class='ocrx_word' id='word_1_268' title='bbox 1504 1650 1605 1707; x_wconf 89' lang='lat' dir='ltr'><strong>deceat</strong></span> <span class='ocrx_word' id='word_1_269' title='bbox 1617 1650 1771 1723; x_wconf 84' lang='lat' dir='ltr'><strong>explicare.</strong></span> 
     </span>
     <span class='ocr_line' id='line_1_45' title="bbox 946 1739 1771 1815; baseline -0.004 -16"><span class='ocrx_word' id='word_1_270' title='bbox 946 1744 1079 1815; x_wconf 88' lang='lat' dir='ltr'><strong>insuper,</strong></span> <span class='ocrx_word' id='word_1_271' title='bbox 1095 1759 1162 1798; x_wconf 88' lang='lat' dir='ltr'><strong>cum</strong></span> <span class='ocrx_word' id='word_1_272' title='bbox 1184 1742 1261 1797; x_wconf 91' lang='lat' dir='ltr'><strong>idem</strong></span> <span class='ocrx_word' id='word_1_273' title='bbox 1278 1740 1435 1798; x_wconf 84' lang='lat' dir='ltr'><strong>concilium</strong></span> <span class='ocrx_word' id='word_1_274' title='bbox 1453 1740 1657 1797; x_wconf 89' lang='lat' dir='ltr'><strong>testimonium</strong></span> <span class='ocrx_word' id='word_1_275' title='bbox 1674 1739 1771 1797; x_wconf 76' lang='lat' dir='ltr'><strong>thric-</strong></span> 
     </span>
     <span class='ocr_line' id='line_1_46' title="bbox 946 1828 1772 1897; baseline -0.001 -10"><span class='ocrx_word' id='word_1_276' title='bbox 946 1832 1092 1888; x_wconf 90' lang='lat' dir='ltr'><strong>tianornm</strong></span> <span class='ocrx_word' id='word_1_277' title='bbox 1106 1830 1247 1888; x_wconf 77' lang='lat' dir='ltr'><strong>adsersus</strong></span> <span class='ocrx_word' id='word_1_278' title='bbox 1262 1832 1381 1889; x_wconf 81' lang='lat' dir='ltr'><strong>tudaeos</strong></span> <span class='ocrx_word' id='word_1_279' title='bbox 1397 1832 1426 1886; x_wconf 92' lang='lat' dir='ltr'><strong>in</strong></span> <span class='ocrx_word' id='word_1_280' title='bbox 1441 1828 1648 1886; x_wconf 88' lang='lat' dir='ltr'><strong>communibus</strong></span> <span class='ocrx_word' id='word_1_281' title='bbox 1663 1828 1772 1897; x_wconf 86' lang='lat' dir='ltr'><strong>causis,</strong></span> 
     </span>
     <span class='ocr_line' id='line_1_47' title="bbox 945 1918 1773 1981; baseline -0.004 -1"><span class='ocrx_word' id='word_1_282' title='bbox 945 1941 1012 1980; x_wconf 90' lang='lat' dir='ltr'><strong>cum</strong></span> <span class='ocrx_word' id='word_1_283' title='bbox 1029 1927 1056 1979; x_wconf 89' lang='lat' dir='ltr'><strong>el</strong></span> <span class='ocrx_word' id='word_1_284' title='bbox 1080 1920 1122 1978; x_wconf 93' lang='lat' dir='ltr'><strong>illi</strong></span> <span class='ocrx_word' id='word_1_285' title='bbox 1148 1924 1290 1979; x_wconf 76' lang='lat' dir='ltr'><strong>adsersus</strong></span> <span class='ocrx_word' id='word_1_286' title='bbox 1304 1921 1490 1981; x_wconf 86' lang='lat' dir='ltr'><strong>Christianos</strong></span> <span class='ocrx_word' id='word_1_287' title='bbox 1514 1920 1639 1977; x_wconf 86' lang='lat' dir='ltr'><strong>testibus</strong></span> <span class='ocrx_word' id='word_1_288' title='bbox 1663 1918 1773 1977; x_wconf 80' lang='lat' dir='ltr'><strong>Judoeis</strong></span> 
     </span>
     <span class='ocr_line' id='line_1_48' title="bbox 946 2010 1773 2084; baseline -0.004 -15"><span class='ocrx_word' id='word_1_289' title='bbox 946 2017 1076 2084; x_wconf 89' lang='lat' dir='ltr'><strong>utantur,</strong></span> <span class='ocrx_word' id='word_1_290' title='bbox 1102 2012 1252 2069; x_wconf 70' lang='lat' dir='ltr'><strong>consuent</strong></span> <span class='ocrx_word' id='word_1_291' title='bbox 1280 2010 1509 2081; x_wconf 84' lang='lat' dir='ltr'><strong>admittendum,</strong></span> <span class='ocrx_word' id='word_1_292' title='bbox 1533 2014 1561 2066; x_wconf 91' lang='lat' dir='ltr'><strong>el</strong></span> <span class='ocrx_word' id='word_1_293' title='bbox 1585 2011 1773 2067; x_wconf 86' lang='lat' dir='ltr'><strong>anathemato</strong></span> 
     </span>
     <span class='ocr_line' id='line_1_49' title="bbox 945 2098 1771 2173; baseline -0.001 -16"><span class='ocrx_word' id='word_1_294' title='bbox 945 2102 1023 2159; x_wconf 88' lang='lat' dir='ltr'><strong>feriri</strong></span> <span class='ocrx_word' id='word_1_295' title='bbox 1053 2101 1213 2159; x_wconf 88' lang='lat' dir='ltr'><strong>decreverit</strong></span> <span class='ocrx_word' id='word_1_296' title='bbox 1237 2098 1404 2173; x_wconf 83' lang='lat' dir='ltr'><strong>quicunque</strong></span> <span class='ocrx_word' id='word_1_297' title='bbox 1419 2100 1536 2157; x_wconf 80' lang='lat' dir='ltr'><strong>ludens</strong></span> <span class='ocrx_word' id='word_1_298' title='bbox 1550 2098 1726 2156; x_wconf 85' lang='lat' dir='ltr'><strong>Christianis</strong></span> <span class='ocrx_word' id='word_1_299' title='bbox 1741 2098 1771 2156; x_wconf 92' lang='lat' dir='ltr'><strong>fn</strong></span> 
     </span>
     <span class='ocr_line' id='line_1_50' title="bbox 945 2186 1771 2265; baseline -0.005 -17"><span class='ocrx_word' id='word_1_300' title='bbox 945 2191 1000 2248; x_wconf 90' lang='lat' dir='ltr'><strong>hac</strong></span> <span class='ocrx_word' id='word_1_301' title='bbox 1023 2196 1105 2265; x_wconf 85' lang='lat' dir='ltr'><strong>parte</strong></span> <span class='ocrx_word' id='word_1_302' title='bbox 1128 2190 1285 2263; x_wconf 84' lang='lat' dir='ltr'><strong>proferret,</strong></span> <span class='ocrx_word' id='word_1_303' title='bbox 1303 2207 1397 2262; x_wconf 87' lang='lat' dir='ltr'><strong>usqne</strong></span> <span class='ocrx_word' id='word_1_304' title='bbox 1421 2190 1492 2246; x_wconf 89' lang='lat' dir='ltr'><strong>adeo</strong></span> <span class='ocrx_word' id='word_1_305' title='bbox 1518 2188 1560 2245; x_wconf 89' lang='lat' dir='ltr'><strong>eis</strong></span> <span class='ocrx_word' id='word_1_306' title='bbox 1586 2188 1716 2245; x_wconf 89' lang='lat' dir='ltr'><strong>defertur</strong></span> <span class='ocrx_word' id='word_1_307' title='bbox 1741 2186 1771 2244; x_wconf 92' lang='lat' dir='ltr'><strong>in</strong></span> 
     </span>
     <span class='ocr_line' id='line_1_51' title="bbox 945 2278 1771 2356; baseline -0.006 -17"><span class='ocrx_word' id='word_1_308' title='bbox 945 2299 1035 2356; x_wconf 79' lang='lat' dir='ltr'><strong>regno</strong></span> <span class='ocrx_word' id='word_1_309' title='bbox 1050 2287 1240 2348; x_wconf 74' lang='lat' dir='ltr'><strong>Francorum,</strong></span> <span class='ocrx_word' id='word_1_310' title='bbox 1254 2288 1286 2337; x_wconf 91' lang='lat' dir='ltr'><strong>ut</strong></span> <span class='ocrx_word' id='word_1_311' title='bbox 1301 2298 1357 2337; x_wconf 89' lang='lat' dir='ltr'><strong>non</strong></span> <span class='ocrx_word' id='word_1_312' title='bbox 1375 2280 1511 2337; x_wconf 87' lang='lat' dir='ltr'><strong>credatur</strong></span> <span class='ocrx_word' id='word_1_313' title='bbox 1525 2278 1699 2335; x_wconf 73' lang='lat' dir='ltr'><strong>Christianis</strong></span> <span class='ocrx_word' id='word_1_314' title='bbox 1715 2282 1771 2334; x_wconf 85' lang='lat' dir='ltr'><strong>tes·</strong></span> 
     </span>
     <span class='ocr_line' id='line_1_52' title="bbox 945 2366 1770 2445; baseline -0.005 -19"><span class='ocrx_word' id='word_1_315' title='bbox 945 2371 1024 2427; x_wconf 89' lang='lat' dir='ltr'><strong>tibus</strong></span> <span class='ocrx_word' id='word_1_316' title='bbox 1041 2378 1142 2427; x_wconf 86' lang='lat' dir='ltr'><strong>cantra</strong></span> <span class='ocrx_word' id='word_1_317' title='bbox 1159 2370 1249 2445; x_wconf 84' lang='lat' dir='ltr'><strong>ipsos,</strong></span> <span class='ocrx_word' id='word_1_318' title='bbox 1267 2370 1318 2426; x_wconf 83' lang='lat' dir='ltr'><strong>secl</strong></span> <span class='ocrx_word' id='word_1_319' title='bbox 1340 2366 1397 2443; x_wconf 88' lang='lat' dir='ltr'><strong>ipsi</strong></span> <span class='ocrx_word' id='word_1_320' title='bbox 1416 2374 1518 2426; x_wconf 89' lang='lat' dir='ltr'><strong>contra</strong></span> <span class='ocrx_word' id='word_1_321' title='bbox 1533 2367 1717 2426; x_wconf 86' lang='lat' dir='ltr'><strong>Christianos</strong></span> <span class='ocrx_word' id='word_1_322' title='bbox 1733 2366 1770 2423; x_wconf 87' lang='lat' dir='ltr'><strong>sd</strong></span> 
     </span>
     <span class='ocr_line' id='line_1_53' title="bbox 945 2458 1369 2517; baseline -0.005 -2"><span class='ocrx_word' id='word_1_323' title='bbox 945 2460 1145 2517; x_wconf 89' lang='lat' dir='ltr'><strong>testimonium</strong></span> <span class='ocrx_word' id='word_1_324' title='bbox 1163 2458 1369 2516; x_wconf 86' lang='lat' dir='ltr'><strong>admittantur.</strong></span> 
     </span>
    </p>

    <p class='ocr_par' dir='ltr' id='par_1_7' title="bbox 945 2546 1770 2800">
     <span class='ocr_line' id='line_1_54' title="bbox 981 2546 1769 2621; baseline -0.004 -16"><span class='ocrx_word' id='word_1_325' title='bbox 981 2551 1062 2616; x_wconf 88' lang='lat' dir='ltr'><strong>Quod</strong></span> <span class='ocrx_word' id='word_1_326' title='bbox 1079 2549 1103 2606; x_wconf 88' lang='lat' dir='ltr'><strong>si</strong></span> <span class='ocrx_word' id='word_1_327' title='bbox 1120 2548 1279 2621; x_wconf 90' lang='lat' dir='ltr'><strong>aliquando</strong></span> <span class='ocrx_word' id='word_1_328' title='bbox 1296 2548 1336 2617; x_wconf 93' lang='lat' dir='ltr'><strong>hi,</strong></span> <span class='ocrx_word' id='word_1_329' title='bbox 1353 2547 1460 2620; x_wconf 88' lang='lat' dir='ltr'><strong>quibus</strong></span> <span class='ocrx_word' id='word_1_330' title='bbox 1478 2564 1561 2604; x_wconf 86' lang='lat' dir='ltr'><strong>sunm</strong></span> <span class='ocrx_word' id='word_1_331' title='bbox 1579 2546 1702 2603; x_wconf 89' lang='lat' dir='ltr'><strong>credunt</strong></span> <span class='ocrx_word' id='word_1_332' title='bbox 1717 2562 1769 2618; x_wconf 90' lang='lat' dir='ltr'><strong>pe·</strong></span> 
     </span>
     <span class='ocr_line' id='line_1_55' title="bbox 945 2635 1770 2709; baseline -0.002 -15"><span class='ocrx_word' id='word_1_333' title='bbox 945 2638 1062 2695; x_wconf 85' lang='lat' dir='ltr'><strong>cuniam</strong></span> <span class='ocrx_word' id='word_1_334' title='bbox 1073 2638 1127 2695; x_wconf 88' lang='lat' dir='ltr'><strong>sub</strong></span> <span class='ocrx_word' id='word_1_335' title='bbox 1139 2635 1437 2704; x_wconf 88' lang='lat' dir='ltr'><strong>usuris,Christianos</strong></span> <span class='ocrx_word' id='word_1_336' title='bbox 1446 2642 1535 2693; x_wconf 88' lang='lat' dir='ltr'><strong>testes</strong></span> <span class='ocrx_word' id='word_1_337' title='bbox 1545 2636 1716 2709; x_wconf 82' lang='lat' dir='ltr'><strong>superfecta</strong></span> <span class='ocrx_word' id='word_1_338' title='bbox 1725 2652 1770 2692; x_wconf 94' lang='lat' dir='ltr'><strong>so·</strong></span> 
     </span>
     <span class='ocr_line' id='line_1_56' title="bbox 946 2724 1769 2800; baseline -0.006 -15"><span class='ocrx_word' id='word_1_339' title='bbox 946 2729 1056 2786; x_wconf 89' lang='lat' dir='ltr'><strong>latione</strong></span> <span class='ocrx_word' id='word_1_340' title='bbox 1067 2729 1239 2800; x_wconf 90' lang='lat' dir='ltr'><strong>producant,</strong></span> <span class='ocrx_word' id='word_1_341' title='bbox 1252 2724 1318 2800; x_wconf 89' lang='lat' dir='ltr'><strong>plus</strong></span> <span class='ocrx_word' id='word_1_342' title='bbox 1333 2725 1679 2793; x_wconf 88' lang='lat' dir='ltr'><strong>crediturinstrumentn,</strong></span> <span class='ocrx_word' id='word_1_343' title='bbox 1692 2724 1769 2797; x_wconf 87' lang='lat' dir='ltr'><strong>quod</strong></span> 
     </span>
    </p>
   </div>
   <div class='ocr_carea' id='block_1_7' title="bbox 60 2813 1777 4054">
    <p class='ocr_par' dir='ltr' id='par_1_8' title="bbox 60 2813 1774 3710">
     <span class='ocr_line' id='line_1_57' title="bbox 62 2813 1772 2895; baseline -0.005 -18"><span class='ocrx_word' id='word_1_344' title='bbox 62 2820 230 2895; x_wconf 87' lang='lat' dir='ltr'><strong>profutura,</strong></span> <span class='ocrx_word' id='word_1_345' title='bbox 257 2816 338 2874; x_wconf 86' lang='lat' dir='ltr'><strong>salva</strong></span> <span class='ocrx_word' id='word_1_346' title='bbox 361 2815 441 2873; x_wconf 87' lang='lat' dir='ltr'><strong>sedis</strong></span> <span class='ocrx_word' id='word_1_347' title='bbox 467 2815 635 2887; x_wconf 83' lang='lat' dir='ltr'><strong>spostollcrc</strong></span> <span class='ocrx_word' id='word_1_348' title='bbox 659 2815 842 2885; x_wconf 88' lang='lat' dir='ltr'><strong>anctoritate,</strong></span> <span class='ocrx_word' id='word_1_349' title='bbox 864 2818 894 2873; x_wconf 88' lang='lat' dir='ltr'><strong>el</strong></span> <span class='ocrx_word' id='word_1_350' title='bbox 945 2817 1021 2891; x_wconf 88' lang='lat' dir='ltr'><strong>apud</strong></span> <span class='ocrx_word' id='word_1_351' title='bbox 1038 2835 1087 2873; x_wconf 90' lang='lat' dir='ltr'><strong>eos</strong></span> <span class='ocrx_word' id='word_1_352' title='bbox 1112 2834 1163 2888; x_wconf 91' lang='lat' dir='ltr'><strong>per</strong></span> <span class='ocrx_word' id='word_1_353' title='bbox 1177 2815 1397 2888; x_wconf 73' lang='lat' dir='ltr'><strong>negligentium,</strong></span> <span class='ocrx_word' id='word_1_354' title='bbox 1414 2820 1465 2871; x_wconf 88' lang='lat' dir='ltr'><strong>aut</strong></span> <span class='ocrx_word' id='word_1_355' title='bbox 1487 2814 1631 2870; x_wconf 86' lang='lat' dir='ltr'><strong>incuriam</strong></span> <span class='ocrx_word' id='word_1_356' title='bbox 1657 2813 1772 2869; x_wconf 89' lang='lat' dir='ltr'><strong>debitor</strong></span> 
     </span>
     <span class='ocr_line' id='line_1_58' title="bbox 63 2902 1773 2979; baseline -0.005 -12"><span class='ocrx_word' id='word_1_357' title='bbox 63 2912 300 2967; x_wconf 76' lang='lat' dir='ltr'><strong>diaecesanorum</strong></span> <span class='ocrx_word' id='word_1_358' title='bbox 326 2906 532 2979; x_wconf 88' lang='lat' dir='ltr'><strong>episcoporum</strong></span> <span class='ocrx_word' id='word_1_359' title='bbox 555 2904 697 2961; x_wconf 87' lang='lat' dir='ltr'><strong>canonica</strong></span> <span class='ocrx_word' id='word_1_360' title='bbox 720 2905 837 2978; x_wconf 89' lang='lat' dir='ltr'><strong>justitia</strong></span> <span class='ocrx_word' id='word_1_361' title='bbox 862 2906 892 2962; x_wconf 95' lang='lat' dir='ltr'><strong>in</strong></span> <span class='ocrx_word' id='word_1_362' title='bbox 946 2907 1105 2979; x_wconf 85' lang='lat' dir='ltr'><strong>reliquerat</strong></span> <span class='ocrx_word' id='word_1_363' title='bbox 1129 2905 1318 2974; x_wconf 88' lang='lat' dir='ltr'><strong>indiscretus,</strong></span> <span class='ocrx_word' id='word_1_364' title='bbox 1334 2920 1421 2977; x_wconf 92' lang='lat' dir='ltr'><strong>quam</strong></span> <span class='ocrx_word' id='word_1_365' title='bbox 1439 2904 1563 2960; x_wconf 86' lang='lat' dir='ltr'><strong>testibus</strong></span> <span class='ocrx_word' id='word_1_366' title='bbox 1579 2902 1773 2972; x_wconf 85' lang='lat' dir='ltr'><strong>introductis;</strong></span> 
     </span>
     <span class='ocr_line' id='line_1_59' title="bbox 62 2991 1773 3068; baseline -0.006 -11"><span class='ocrx_word' id='word_1_367' title='bbox 62 2998 198 3057; x_wconf 87' lang='lat' dir='ltr'><strong>ecclesiis</strong></span> <span class='ocrx_word' id='word_1_368' title='bbox 212 3012 271 3053; x_wconf 90' lang='lat' dir='ltr'><strong>uon</strong></span> <span class='ocrx_word' id='word_1_369' title='bbox 293 2994 448 3068; x_wconf 87' lang='lat' dir='ltr'><strong>exemptis.</strong></span> <span class='ocrx_word' id='word_1_370' title='bbox 463 2993 492 3050; x_wconf 84' lang='lat' dir='ltr'><strong>Si</strong></span> <span class='ocrx_word' id='word_1_371' title='bbox 508 3008 567 3066; x_wconf 89' lang='lat' dir='ltr'><strong>qua</strong></span> <span class='ocrx_word' id='word_1_372' title='bbox 581 2991 672 3067; x_wconf 83' lang='lat' dir='ltr'><strong>igitur</strong></span> <span class='ocrx_word' id='word_1_373' title='bbox 692 2992 723 3051; x_wconf 90' lang='lat' dir='ltr'><strong>ia</strong></span> <span class='ocrx_word' id='word_1_374' title='bbox 747 2995 891 3067; x_wconf 88' lang='lat' dir='ltr'><strong>futurum,</strong></span> <span class='ocrx_word' id='word_1_375' title='bbox 947 2996 1017 3065; x_wconf 89' lang='lat' dir='ltr'><strong>imo,</strong></span> <span class='ocrx_word' id='word_1_376' title='bbox 1036 3013 1093 3052; x_wconf 91' lang='lat' dir='ltr'><strong>non</strong></span> <span class='ocrx_word' id='word_1_377' title='bbox 1119 2994 1300 3067; x_wconf 85' lang='lat' dir='ltr'><strong>recipiuntur</strong></span> <span class='ocrx_word' id='word_1_378' title='bbox 1323 2993 1412 3049; x_wconf 86' lang='lat' dir='ltr'><strong>etiam</strong></span> <span class='ocrx_word' id='word_1_379' title='bbox 1430 2996 1517 3050; x_wconf 88' lang='lat' dir='ltr'><strong>testes</strong></span> <span class='ocrx_word' id='word_1_380' title='bbox 1533 2994 1562 3048; x_wconf 94' lang='lat' dir='ltr'><strong>in</strong></span> <span class='ocrx_word' id='word_1_381' title='bbox 1580 2992 1634 3048; x_wconf 92' lang='lat' dir='ltr'><strong>hoc</strong></span> <span class='ocrx_word' id='word_1_382' title='bbox 1649 2991 1773 3048; x_wconf 91' lang='lat' dir='ltr'><strong>articulo</strong></span> 
     </span>
     <span class='ocr_line' id='line_1_60' title="bbox 61 3082 1773 3157; baseline -0.006 -10"><span class='ocrx_word' id='word_1_383' title='bbox 61 3094 114 3147; x_wconf 87' lang='lat' dir='ltr'><strong>ete.</strong></span> <span class='ocrx_word' id='word_1_384' title='bbox 131 3086 258 3147; x_wconf 86' lang='lat' dir='ltr'><strong>cunctis</strong></span> <span class='ocrx_word' id='word_1_385' title='bbox 274 3089 384 3152; x_wconf 88' lang='lat' dir='ltr'><strong>autem,</strong></span> <span class='ocrx_word' id='word_1_386' title='bbox 398 3088 453 3140; x_wconf 89' lang='lat' dir='ltr'><strong>etc.</strong></span> <span class='ocrx_word' id='word_1_387' title='bbox 947 3091 1049 3143; x_wconf 91' lang='lat' dir='ltr'><strong>contra</strong></span> <span class='ocrx_word' id='word_1_388' title='bbox 1071 3102 1130 3151; x_wconf 85' lang='lat' dir='ltr'><strong>eos,</strong></span> <span class='ocrx_word' id='word_1_389' title='bbox 1149 3100 1243 3157; x_wconf 89' lang='lat' dir='ltr'><strong>usque</strong></span> <span class='ocrx_word' id='word_1_390' title='bbox 1267 3085 1339 3140; x_wconf 86' lang='lat' dir='ltr'><strong>adeo</strong></span> <span class='ocrx_word' id='word_1_391' title='bbox 1354 3084 1454 3151; x_wconf 89' lang='lat' dir='ltr'><strong>ctiam,</strong></span> <span class='ocrx_word' id='word_1_392' title='bbox 1471 3083 1549 3156; x_wconf 90' lang='lat' dir='ltr'><strong>quad</strong></span> <span class='ocrx_word' id='word_1_393' title='bbox 1574 3098 1641 3139; x_wconf 90' lang='lat' dir='ltr'><strong>cum</strong></span> <span class='ocrx_word' id='word_1_394' title='bbox 1665 3082 1773 3138; x_wconf 87' lang='lat' dir='ltr'><strong>rubore</strong></span> 
     </span>
     <span class='ocr_line' id='line_1_61' title="bbox 94 3152 1770 3249; baseline -0.005 -13"><span class='ocrx_word' id='word_1_395' title='bbox 94 3178 207 3237; x_wconf 78' lang='lat' dir='ltr'><strong>Datum</strong></span> <span class='ocrx_word' id='word_1_396' title='bbox 227 3177 337 3242; x_wconf 82' lang='lat' dir='ltr'><strong>Rome,</strong></span> <span class='ocrx_word' id='word_1_397' title='bbox 349 3175 427 3249; x_wconf 87' lang='lat' dir='ltr'><strong>apud</strong></span> <span class='ocrx_word' id='word_1_398' title='bbox 449 3174 590 3231; x_wconf 88' lang='lat' dir='ltr'><strong>Senetnm</strong></span> <span class='ocrx_word' id='word_1_399' title='bbox 613 3174 743 3239; x_wconf 88' lang='lat' dir='ltr'><strong>Petram,</strong></span> <span class='ocrx_word' id='word_1_400' title='bbox 761 3190 812 3247; x_wconf 89' lang='lat' dir='ltr'><strong>per</strong></span> <span class='ocrx_word' id='word_1_401' title='bbox 828 3152 928 3229; x_wconf 77' lang='lat' dir='ltr'><strong>nra-C</strong></span> <span class='ocrx_word' id='word_1_402' title='bbox 947 3175 1113 3242; x_wconf 77' lang='lat' dir='ltr'><strong>referimus,</strong></span> <span class='ocrx_word' id='word_1_403' title='bbox 1131 3172 1324 3240; x_wconf 90' lang='lat' dir='ltr'><strong>insolescunt,</strong></span> <span class='ocrx_word' id='word_1_404' title='bbox 1337 3178 1370 3229; x_wconf 93' lang='lat' dir='ltr'><strong>ut</strong></span> <span class='ocrx_word' id='word_1_405' title='bbox 1388 3175 1494 3230; x_wconf 85' lang='lat' dir='ltr'><strong>Senon.</strong></span> <span class='ocrx_word' id='word_1_406' title='bbox 1511 3172 1596 3244; x_wconf 84' lang='lat' dir='ltr'><strong>Juxta</strong></span> <span class='ocrx_word' id='word_1_407' title='bbox 1612 3172 1770 3245; x_wconf 90' lang='lat' dir='ltr'><strong>quamdam</strong></span> 
     </span>
     <span class='ocr_line' id='line_1_62' title="bbox 61 3261 1770 3336; baseline -0.005 -10"><span class='ocrx_word' id='word_1_408' title='bbox 61 3284 133 3327; x_wconf 87' lang='lat' dir='ltr'><strong>num</strong></span> <span class='ocrx_word' id='word_1_409' title='bbox 155 3263 508 3336; x_wconf 62' lang='lat' dir='ltr'><strong>tornantecmanctc</strong></span> <span class='ocrx_word' id='word_1_410' title='bbox 524 3261 889 3319; x_wconf 79' lang='lat' dir='ltr'><strong>tlarieinviahatadia-</strong></span> <span class='ocrx_word' id='word_1_411' title='bbox 944 3264 1098 3322; x_wconf 90' lang='lat' dir='ltr'><strong>ecelesiam</strong></span> <span class='ocrx_word' id='word_1_412' title='bbox 1123 3268 1247 3321; x_wconf 76' lang='lat' dir='ltr'><strong>veterem</strong></span> <span class='ocrx_word' id='word_1_413' title='bbox 1276 3279 1381 3320; x_wconf 82' lang='lat' dir='ltr'><strong>aarum</strong></span> <span class='ocrx_word' id='word_1_414' title='bbox 1396 3263 1614 3318; x_wconf 83' lang='lat' dir='ltr'><strong>construxerint</strong></span> <span class='ocrx_word' id='word_1_415' title='bbox 1636 3265 1770 3335; x_wconf 79' lang='lat' dir='ltr'><strong>synago-</strong></span> 
     </span>
     <span class='ocr_line' id='line_1_63' title="bbox 61 3337 1768 3427; baseline -0.005 -12"><span class='ocrx_word' id='word_1_416' title='bbox 61 3356 126 3415; x_wconf 84' lang='lat' dir='ltr'><strong>coni</strong></span> <span class='ocrx_word' id='word_1_417' title='bbox 152 3353 325 3421; x_wconf 76' lang='lat' dir='ltr'><strong>cardinalis,</strong></span> <span class='ocrx_word' id='word_1_418' title='bbox 341 3337 454 3408; x_wconf 65' lang='lat' dir='ltr'><strong>&#39;idibus</strong></span> <span class='ocrx_word' id='word_1_419' title='bbox 474 3350 620 3418; x_wconf 78' lang='lat' dir='ltr'><strong>ianuarii,</strong></span> <span class='ocrx_word' id='word_1_420' title='bbox 644 3350 803 3408; x_wconf 87' lang='lat' dir='ltr'><strong>indictione</strong></span> <span class='ocrx_word' id='word_1_421' title='bbox 826 3366 888 3423; x_wconf 80' lang='lat' dir='ltr'><strong>van,</strong></span> <span class='ocrx_word' id='word_1_422' title='bbox 945 3371 1024 3427; x_wconf 84' lang='lat' dir='ltr'><strong>gam,</strong></span> <span class='ocrx_word' id='word_1_423' title='bbox 1036 3352 1159 3409; x_wconf 86' lang='lat' dir='ltr'><strong>ccclesia</strong></span> <span class='ocrx_word' id='word_1_424' title='bbox 1175 3370 1232 3408; x_wconf 92' lang='lat' dir='ltr'><strong>non</strong></span> <span class='ocrx_word' id='word_1_425' title='bbox 1256 3352 1404 3408; x_wconf 89' lang='lat' dir='ltr'><strong>modicum</strong></span> <span class='ocrx_word' id='word_1_426' title='bbox 1421 3351 1565 3420; x_wconf 88' lang='lat' dir='ltr'><strong>altiorem,</strong></span> <span class='ocrx_word' id='word_1_427' title='bbox 1577 3353 1605 3406; x_wconf 90' lang='lat' dir='ltr'><strong>in</strong></span> <span class='ocrx_word' id='word_1_428' title='bbox 1618 3368 1685 3424; x_wconf 89' lang='lat' dir='ltr'><strong>qua,</strong></span> <span class='ocrx_word' id='word_1_429' title='bbox 1698 3368 1768 3420; x_wconf 92' lang='lat' dir='ltr'><strong>aon,</strong></span> 
     </span>
     <span class='ocr_line' id='line_1_64' title="bbox 61 3438 1768 3514; baseline -0.004 -11"><span class='ocrx_word' id='word_1_430' title='bbox 61 3442 280 3503; x_wconf 82' lang='lat' dir='ltr'><strong>lacerastionis</strong></span> <span class='ocrx_word' id='word_1_431' title='bbox 304 3441 461 3499; x_wconf 85' lang='lat' dir='ltr'><strong>Dominicra</strong></span> <span class='ocrx_word' id='word_1_432' title='bbox 492 3455 568 3496; x_wconf 92' lang='lat' dir='ltr'><strong>anno</strong></span> <span class='ocrx_word' id='word_1_433' title='bbox 599 3438 678 3508; x_wconf 79' lang='grc'><strong>1201,</strong></span> <span class='ocrx_word' id='word_1_434' title='bbox 702 3439 890 3512; x_wconf 84' lang='lat' dir='ltr'><strong>pontificatus</strong></span> <span class='ocrx_word' id='word_1_435' title='bbox 946 3442 1106 3501; x_wconf 88' lang='lat' dir='ltr'><strong>sicutollm</strong></span> <span class='ocrx_word' id='word_1_436' title='bbox 1125 3441 1297 3514; x_wconf 86' lang='lat' dir='ltr'><strong>priusquam</strong></span> <span class='ocrx_word' id='word_1_437' title='bbox 1314 3440 1439 3498; x_wconf 87' lang='lat' dir='ltr'><strong>fuissent</strong></span> <span class='ocrx_word' id='word_1_438' title='bbox 1454 3441 1537 3512; x_wconf 84' lang='lat' dir='ltr'><strong>ejecti</strong></span> <span class='ocrx_word' id='word_1_439' title='bbox 1553 3440 1589 3497; x_wconf 91' lang='lat' dir='ltr'><strong>de</strong></span> <span class='ocrx_word' id='word_1_440' title='bbox 1605 3457 1704 3513; x_wconf 82' lang='lat' dir='ltr'><strong>regno,</strong></span> <span class='ocrx_word' id='word_1_441' title='bbox 1719 3440 1768 3497; x_wconf 87' lang='lat' dir='ltr'><strong>dc·</strong></span> 
     </span>
     <span class='ocr_line' id='line_1_65' title="bbox 60 3527 1769 3604; baseline -0.004 -12"><span class='ocrx_word' id='word_1_442' title='bbox 60 3552 128 3593; x_wconf 86' lang='lat' dir='ltr'><strong>vero</strong></span> <span class='ocrx_word' id='word_1_443' title='bbox 142 3532 259 3593; x_wconf 89' lang='lat' dir='ltr'><strong>domini</strong></span> <span class='ocrx_word' id='word_1_444' title='bbox 275 3529 437 3588; x_wconf 91' lang='lat' dir='ltr'><strong>lnnocenlii</strong></span> <span class='ocrx_word' id='word_1_445' title='bbox 453 3546 538 3603; x_wconf 79' lang='lat' dir='ltr'><strong>papre</strong></span> <span class='ocrx_word' id='word_1_446' title='bbox 552 3530 589 3585; x_wconf 96' lang='lat' dir='ltr'><strong>lll</strong></span> <span class='ocrx_word' id='word_1_447' title='bbox 607 3545 684 3585; x_wconf 87' lang='lat' dir='ltr'><strong>anno</strong></span> <span class='ocrx_word' id='word_1_448' title='bbox 699 3527 835 3602; x_wconf 91' lang='lat' dir='ltr'><strong>septimo.</strong></span> <span class='ocrx_word' id='word_1_449' title='bbox 946 3533 1038 3590; x_wconf 82' lang='lat' dir='ltr'><strong>missa</strong></span> <span class='ocrx_word' id='word_1_450' title='bbox 1051 3532 1189 3595; x_wconf 87' lang='lat' dir='ltr'><strong>voee,sed</strong></span> <span class='ocrx_word' id='word_1_451' title='bbox 1201 3548 1268 3587; x_wconf 90' lang='lat' dir='ltr'><strong>cum</strong></span> <span class='ocrx_word' id='word_1_452' title='bbox 1285 3547 1391 3604; x_wconf 76' lang='lat' dir='ltr'><strong>magno</strong></span> <span class='ocrx_word' id='word_1_453' title='bbox 1406 3528 1533 3587; x_wconf 90' lang='lat' dir='ltr'><strong>clamore</strong></span> <span class='ocrx_word' id='word_1_454' title='bbox 1549 3530 1711 3586; x_wconf 87' lang='lat' dir='ltr'><strong>secundum</strong></span> <span class='ocrx_word' id='word_1_455' title='bbox 1729 3529 1769 3585; x_wconf 88' lang='lat' dir='ltr'><strong>rl-</strong></span> 
     </span>
     <span class='ocr_line' id='line_1_66' title="bbox 345 3617 1774 3710; baseline -0.014 -15"><span class='ocrx_word' id='word_1_456' title='bbox 345 3636 511 3695; x_wconf 71' lang='lat' dir='ltr'><strong>ccxxxvt</strong></span> <span class='ocrx_word' id='word_1_457' title='bbox 526 3636 611 3710; x_wconf 70' lang='grc'>(558).</span> <span class='ocrx_word' id='word_1_458' title='bbox 947 3629 1010 3680; x_wconf 94' lang='lat' dir='ltr'><strong>tum</strong></span> <span class='ocrx_word' id='word_1_459' title='bbox 1028 3619 1186 3679; x_wconf 82' lang='lat' dir='ltr'><strong>iudaicam</strong></span> <span class='ocrx_word' id='word_1_460' title='bbox 1211 3637 1265 3677; x_wconf 88' lang='lat' dir='ltr'><strong>sua</strong></span> <span class='ocrx_word' id='word_1_461' title='bbox 1280 3619 1378 3676; x_wconf 79' lang='lat' dir='ltr'><strong>officia</strong></span> <span class='ocrx_word' id='word_1_462' title='bbox 1402 3617 1592 3691; x_wconf 88' lang='lat' dir='ltr'><strong>celebrantes,</strong></span> <span class='ocrx_word' id='word_1_463' title='bbox 1608 3617 1774 3676; x_wconf 85' lang='lat' dir='ltr'><strong>divinarum</strong></span> 
     </span>
    </p>

    <p class='ocr_par' dir='ltr' id='par_1_9' title="bbox 298 3706 1775 3785">
     <span class='ocr_line' id='line_1_67' title="bbox 298 3706 1775 3785; baseline -0.005 -13"><span class='ocrx_word' id='word_1_464' title='bbox 298 3744 385 3785; x_wconf 80' lang='lat' dir='ltr'><strong>nect</strong></span> <span class='ocrx_word' id='word_1_465' title='bbox 423 3742 620 3782; x_wconf 61' lang='lat' dir='ltr'><strong>mmm</strong></span> <span class='ocrx_word' id='word_1_466' title='bbox 630 3743 663 3782; x_wconf 64' lang='grc' dir='ltr'><strong>Μ,</strong></span> <span class='ocrx_word' id='word_1_467' title='bbox 948 3711 1176 3769; x_wconf 87' lang='lat' dir='ltr'><strong>celebrationem</strong></span> <span class='ocrx_word' id='word_1_468' title='bbox 1192 3709 1223 3766; x_wconf 89' lang='lat' dir='ltr'><strong>in</strong></span> <span class='ocrx_word' id='word_1_469' title='bbox 1239 3708 1340 3766; x_wconf 88' lang='lat' dir='ltr'><strong>eadem</strong></span> <span class='ocrx_word' id='word_1_470' title='bbox 1357 3707 1479 3766; x_wconf 88' lang='lat' dir='ltr'><strong>ecclesia</strong></span> <span class='ocrx_word' id='word_1_471' title='bbox 1494 3727 1551 3766; x_wconf 90' lang='lat' dir='ltr'><strong>non</strong></span> <span class='ocrx_word' id='word_1_472' title='bbox 1567 3709 1705 3765; x_wconf 88' lang='lat' dir='ltr'><strong>dubitant</strong></span> <span class='ocrx_word' id='word_1_473' title='bbox 1720 3706 1775 3765; x_wconf 87' lang='lat' dir='ltr'><strong>im·</strong></span> 
     </span>
    </p>

    <p class='ocr_par' dir='ltr' id='par_1_10' title="bbox 63 3797 1777 4054">
     <span class='ocr_line' id='line_1_68' title="bbox 63 3797 1776 3893; baseline -0.01 -12"><span class='ocrx_word' id='word_1_474' title='bbox 63 3824 94 3881; x_wconf 89' lang='lat' dir='ltr'><strong>llt</strong></span> <span class='ocrx_word' id='word_1_475' title='bbox 111 3820 268 3893; x_wconf 80' lang='lat' dir='ltr'><strong>compescat</strong></span> <span class='ocrx_word' id='word_1_476' title='bbox 289 3817 465 3875; x_wconf 83' lang='lat' dir='ltr'><strong>insolentium</strong></span> <span class='ocrx_word' id='word_1_477' title='bbox 483 3816 647 3873; x_wconf 74' lang='lat' dir='ltr'><strong>terreorum</strong></span> <span class='ocrx_word' id='word_1_478' title='bbox 670 3815 700 3870; x_wconf 89' lang='lat' dir='ltr'><strong>in</strong></span> <span class='ocrx_word' id='word_1_479' title='bbox 721 3830 803 3888; x_wconf 68' lang='lat' dir='ltr'><strong>repro</strong></span> <span class='ocrx_word' id='word_1_480' title='bbox 819 3829 893 3870; x_wconf 80' lang='lat' dir='ltr'><strong>cona·</strong></span> <span class='ocrx_word' id='word_1_481' title='bbox 949 3798 1346 3875; x_wconf 71' lang='lat' dir='ltr'><strong>pedir⁰(559&#39;)·]005111¹¹¹⁰‚</strong></span> <span class='ocrx_word' id='word_1_482' title='bbox 1368 3815 1474 3855; x_wconf 69' lang='lat' dir='ltr'><strong>nomen</strong></span> <span class='ocrx_word' id='word_1_483' title='bbox 1499 3797 1614 3854; x_wconf 84' lang='lat' dir='ltr'><strong>Domini</strong></span> <span class='ocrx_word' id='word_1_484' title='bbox 1640 3797 1776 3871; x_wconf 63' lang='lat' dir='ltr'><strong>blasphe-</strong></span> 
     </span>
     <span class='ocr_line' id='line_1_69' title="bbox 150 3886 1777 3962; baseline -0.002 -13"><span class='ocrx_word' id='word_1_485' title='bbox 150 3892 335 3956; x_wconf 84' lang='lat' dir='ltr'><strong>morontfum,</strong></span> <span class='ocrx_word' id='word_1_486' title='bbox 352 3894 377 3945; x_wconf 86' lang='lat' dir='ltr'><strong>et</strong></span> <span class='ocrx_word' id='word_1_487' title='bbox 392 3892 494 3944; x_wconf 85' lang='lat' dir='ltr'><strong>cantro</strong></span> <span class='ocrx_word' id='word_1_488' title='bbox 510 3887 652 3945; x_wconf 69' lang='lat' dir='ltr'><strong>hereticos</strong></span> <span class='ocrx_word' id='word_1_489' title='bbox 667 3886 803 3960; x_wconf 69' lang='lat' dir='ltr'><strong>irretirent.</strong></span> <span class='ocrx_word' id='word_1_490' title='bbox 949 3896 1075 3959; x_wconf 88' lang='lat' dir='ltr'><strong>mantes,</strong></span> <span class='ocrx_word' id='word_1_491' title='bbox 1088 3890 1205 3962; x_wconf 89' lang='lat' dir='ltr'><strong>publice</strong></span> <span class='ocrx_word' id='word_1_492' title='bbox 1218 3888 1393 3946; x_wconf 84' lang='lat' dir='ltr'><strong>Christianis</strong></span> <span class='ocrx_word' id='word_1_493' title='bbox 1409 3890 1643 3962; x_wconf 85' lang='lat' dir='ltr'><strong>insultent,quod</strong></span> <span class='ocrx_word' id='word_1_494' title='bbox 1657 3890 1777 3946; x_wconf 88' lang='lat' dir='ltr'><strong>credant</strong></span> 
     </span>
     <span class='ocr_line' id='line_1_70' title="bbox 198 3976 1775 4054; baseline -0.001 -17"><span class='ocrx_word' id='word_1_495' title='bbox 198 3981 293 4054; x_wconf 70' lang='lat' dir='ltr'><strong>{Apud</strong></span> <span class='ocrx_word' id='word_1_496' title='bbox 309 3980 339 4036; x_wconf 88' lang='lat' dir='ltr'><strong>S.</strong></span> <span class='ocrx_word' id='word_1_497' title='bbox 356 3978 485 4045; x_wconf 89' lang='lat' dir='ltr'><strong>Petrum,</strong></span> <span class='ocrx_word' id='word_1_498' title='bbox 500 3994 570 4043; x_wconf 85' lang='lat' dir='ltr'><strong>xvn,</strong></span> <span class='ocrx_word' id='word_1_499' title='bbox 589 3976 649 4034; x_wconf 84' lang='lat' dir='ltr'><strong>llel.</strong></span> <span class='ocrx_word' id='word_1_500' title='bbox 666 3977 762 4048; x_wconf 82' lang='lat' dir='ltr'><strong>Febr.)</strong></span> <span class='ocrx_word' id='word_1_501' title='bbox 948 3982 978 4037; x_wconf 91' lang='lat' dir='ltr'><strong>in</strong></span> <span class='ocrx_word' id='word_1_502' title='bbox 992 3980 1137 4037; x_wconf 88' lang='lat' dir='ltr'><strong>rusticum</strong></span> <span class='ocrx_word' id='word_1_503' title='bbox 1152 3979 1310 4053; x_wconf 89' lang='lat' dir='ltr'><strong>quemdam</strong></span> <span class='ocrx_word' id='word_1_504' title='bbox 1323 3996 1503 4052; x_wconf 87' lang='lat' dir='ltr'><strong>suspensum</strong></span> <span class='ocrx_word' id='word_1_505' title='bbox 1515 4000 1530 4034; x_wconf 90' lang='lat' dir='ltr'><strong>a</strong></span> <span class='ocrx_word' id='word_1_506' title='bbox 1543 3978 1775 4054; x_wconf 79' lang='lat' dir='ltr'><strong>populoludssa·</strong></span> 
     </span>
    </p>
   </div>
   <div class='ocr_carea' id='block_1_8' title="bbox 62 4066 896 4493">
    <p class='ocr_par' dir='ltr' id='par_1_11' title="bbox 62 4066 896 4493">
     <span class='ocr_line' id='line_1_71' title="bbox 93 4066 893 4145; baseline -0.005 -16"><span class='ocrx_word' id='word_1_507' title='bbox 93 4074 169 4145; x_wconf 78' lang='lat'><strong>(559)</strong></span> <span class='ocrx_word' id='word_1_508' title='bbox 185 4070 260 4142; x_wconf 77' lang='lat' dir='ltr'><strong>[Etsi</strong></span> <span class='ocrx_word' id='word_1_509' title='bbox 282 4085 339 4126; x_wconf 92' lang='lat' dir='ltr'><strong>non</strong></span> <span class='ocrx_word' id='word_1_510' title='bbox 361 4066 516 4139; x_wconf 88' lang='lat' dir='ltr'><strong>displiceat</strong></span> <span class='ocrx_word' id='word_1_511' title='bbox 532 4066 668 4131; x_wconf 88' lang='lat' dir='ltr'><strong>Domino,</strong></span> <span class='ocrx_word' id='word_1_512' title='bbox 685 4066 736 4122; x_wconf 90' lang='lat' dir='ltr'><strong>sed</strong></span> <span class='ocrx_word' id='word_1_513' title='bbox 753 4067 778 4121; x_wconf 89' lang='lat' dir='ltr'><strong>ci</strong></span> <span class='ocrx_word' id='word_1_514' title='bbox 796 4066 893 4139; x_wconf 91' lang='lat' dir='ltr'><strong>potius</strong></span> 
     </span>
     <span class='ocr_line' id='line_1_72' title="bbox 62 4153 896 4233; baseline -0.012 -13"><span class='ocrx_word' id='word_1_515' title='bbox 62 4162 98 4220; x_wconf 81' lang='lat' dir='ltr'><strong>eit</strong></span> <span class='ocrx_word' id='word_1_516' title='bbox 112 4163 272 4233; x_wconf 80' lang='lat' dir='ltr'><strong>acceptum</strong></span> <span class='ocrx_word' id='word_1_517' title='bbox 289 4162 321 4213; x_wconf 90' lang='lat' dir='ltr'><strong>ut</strong></span> <span class='ocrx_word' id='word_1_518' title='bbox 335 4157 390 4213; x_wconf 89' lang='lat' dir='ltr'><strong>sab</strong></span> <span class='ocrx_word' id='word_1_519' title='bbox 406 4153 560 4211; x_wconf 91' lang='lat' dir='ltr'><strong>catholicis</strong></span> <span class='ocrx_word' id='word_1_520' title='bbox 578 4154 698 4227; x_wconf 80' lang='lat' dir='ltr'><strong>regibus</strong></span> <span class='ocrx_word' id='word_1_521' title='bbox 715 4159 742 4209; x_wconf 84' lang='lat' dir='ltr'><strong>ct</strong></span> <span class='ocrx_word' id='word_1_522' title='bbox 759 4154 896 4228; x_wconf 86' lang='lat' dir='ltr'><strong>principi·</strong></span> 
     </span>
     <span class='ocr_line' id='line_1_73' title="bbox 62 4242 893 4316; baseline -0.008 -9"><span class='ocrx_word' id='word_1_523' title='bbox 62 4252 116 4309; x_wconf 89' lang='lat' dir='ltr'><strong>bns</strong></span> <span class='ocrx_word' id='word_1_524' title='bbox 125 4246 431 4313; x_wconf 80' lang='lat' dir='ltr'><strong>christianisvirat,et</strong></span> <span class='ocrx_word' id='word_1_525' title='bbox 443 4245 551 4300; x_wconf 86' lang='lat' dir='ltr'><strong>serviat</strong></span> <span class='ocrx_word' id='word_1_526' title='bbox 561 4242 893 4316; x_wconf 81' lang='lat' dir='ltr'><strong>dispcrsioludrenrum,</strong></span> 
     </span>
     <span class='ocr_line' id='line_1_74' title="bbox 63 4332 894 4413; baseline -0.011 -15"><span class='ocrx_word' id='word_1_527' title='bbox 63 4344 147 4413; x_wconf 84' lang='lat' dir='ltr'><strong>cujus</strong></span> <span class='ocrx_word' id='word_1_528' title='bbox 163 4346 237 4395; x_wconf 89' lang='lat' dir='ltr'><strong>tunc</strong></span> <span class='ocrx_word' id='word_1_529' title='bbox 250 4337 367 4392; x_wconf 88' lang='lat' dir='ltr'><strong>tandem</strong></span> <span class='ocrx_word' id='word_1_530' title='bbox 385 4332 517 4405; x_wconf 85' lang='lat' dir='ltr'><strong>reliquire</strong></span> <span class='ocrx_word' id='word_1_531' title='bbox 529 4332 614 4387; x_wconf 75' lang='lat' dir='ltr'><strong>selim</strong></span> <span class='ocrx_word' id='word_1_532' title='bbox 627 4334 697 4388; x_wconf 86' lang='lat' dir='ltr'><strong>ssent</strong></span> <span class='ocrx_word' id='word_1_533' title='bbox 712 4349 777 4388; x_wconf 91' lang='lat' dir='ltr'><strong>cum</strong></span> <span class='ocrx_word' id='word_1_534' title='bbox 794 4334 822 4388; x_wconf 87' lang='lat' dir='ltr'><strong>in</strong></span> <span class='ocrx_word' id='word_1_535' title='bbox 834 4334 894 4390; x_wconf 91' lang='lat' dir='ltr'><strong>die·</strong></span> 
     </span>
     <span class='ocr_line' id='line_1_75' title="bbox 62 4420 894 4493; baseline -0.01 -6"><span class='ocrx_word' id='word_1_536' title='bbox 62 4432 117 4487; x_wconf 86' lang='lat' dir='ltr'><strong>bus</strong></span> <span class='ocrx_word' id='word_1_537' title='bbox 130 4427 195 4485; x_wconf 88' lang='lat' dir='ltr'><strong>illis</strong></span> <span class='ocrx_word' id='word_1_538' title='bbox 206 4424 371 4482; x_wconf 77' lang='lat' dir='ltr'><strong>salvabitur</strong></span> <span class='ocrx_word' id='word_1_539' title='bbox 380 4422 467 4493; x_wconf 82' lang='lat' dir='ltr'><strong>lude,</strong></span> <span class='ocrx_word' id='word_1_540' title='bbox 480 4427 509 4476; x_wconf 91' lang='lat' dir='ltr'><strong>et</strong></span> <span class='ocrx_word' id='word_1_541' title='bbox 521 4420 609 4478; x_wconf 90' lang='lat' dir='ltr'><strong>lsrael</strong></span> <span class='ocrx_word' id='word_1_542' title='bbox 621 4420 796 4478; x_wconf 78' lang='lat' dir='ltr'><strong>habitat-’erit</strong></span> <span class='ocrx_word' id='word_1_543' title='bbox 805 4425 894 4479; x_wconf 91' lang='lat' dir='ltr'><strong>confl-</strong></span> 
     </span>
    </p>
   </div>
   <div class='ocr_carea' id='block_1_9' title="bbox 949 4068 1777 4498">
    <p class='ocr_par' dir='ltr' id='par_1_12' title="bbox 949 4068 1777 4498">
     <span class='ocr_line' id='line_1_76' title="bbox 949 4068 1775 4143; baseline -0.002 -17"><span class='ocrx_word' id='word_1_544' title='bbox 949 4087 1025 4135; x_wconf 86' lang='lat' dir='ltr'><strong>rum‚</strong></span> <span class='ocrx_word' id='word_1_545' title='bbox 1039 4086 1125 4143; x_wconf 90' lang='lat' dir='ltr'><strong>quem</strong></span> <span class='ocrx_word' id='word_1_546' title='bbox 1142 4069 1262 4143; x_wconf 89' lang='lat' dir='ltr'><strong>quidem</strong></span> <span class='ocrx_word' id='word_1_547' title='bbox 1289 4084 1341 4124; x_wconf 91' lang='lat' dir='ltr'><strong>nec</strong></span> <span class='ocrx_word' id='word_1_548' title='bbox 1357 4085 1409 4123; x_wconf 87' lang='lat' dir='ltr'><strong>nos</strong></span> <span class='ocrx_word' id='word_1_549' title='bbox 1425 4084 1476 4141; x_wconf 88' lang='lat' dir='ltr'><strong>pro</strong></span> <span class='ocrx_word' id='word_1_550' title='bbox 1492 4068 1577 4125; x_wconf 89' lang='lat' dir='ltr'><strong>nobis</strong></span> <span class='ocrx_word' id='word_1_551' title='bbox 1598 4084 1775 4141; x_wconf 87' lang='lat' dir='ltr'><strong>suspensum</strong></span> 
     </span>
     <span class='ocr_line' id='line_1_77' title="bbox 949 4156 1776 4232; baseline -0.004 -16"><span class='ocrx_word' id='word_1_552' title='bbox 949 4159 1140 4232; x_wconf 78' lang='lat' dir='ltr'><strong>ambigimus,</strong></span> <span class='ocrx_word' id='word_1_553' title='bbox 1153 4176 1220 4215; x_wconf 90' lang='lat' dir='ltr'><strong>cum</strong></span> <span class='ocrx_word' id='word_1_554' title='bbox 1237 4164 1356 4230; x_wconf 84' lang='lat' dir='ltr'><strong>peccato</strong></span> <span class='ocrx_word' id='word_1_555' title='bbox 1370 4164 1469 4214; x_wconf 86' lang='lat' dir='ltr'><strong>nostra</strong></span> <span class='ocrx_word' id='word_1_556' title='bbox 1485 4158 1547 4230; x_wconf 85' lang='lat' dir='ltr'><strong>ipsc</strong></span> <span class='ocrx_word' id='word_1_557' title='bbox 1562 4156 1662 4213; x_wconf 89' lang='lat' dir='ltr'><strong>tulerit</strong></span> <span class='ocrx_word' id='word_1_558' title='bbox 1677 4158 1706 4213; x_wconf 88' lang='lat' dir='ltr'><strong>in</strong></span> <span class='ocrx_word' id='word_1_559' title='bbox 1722 4174 1776 4213; x_wconf 88' lang='lat' dir='ltr'><strong>suo</strong></span> 
     </span>
     <span class='ocr_line' id='line_1_78' title="bbox 950 4246 1777 4321; baseline -0.002 -16"><span class='ocrx_word' id='word_1_560' title='bbox 950 4266 1071 4321; x_wconf 91' lang='lat' dir='ltr'><strong>corpore</strong></span> <span class='ocrx_word' id='word_1_561' title='bbox 1086 4266 1176 4320; x_wconf 88' lang='lat' dir='ltr'><strong>super</strong></span> <span class='ocrx_word' id='word_1_562' title='bbox 1200 4246 1326 4320; x_wconf 83' lang='lat' dir='ltr'><strong>lignum,</strong></span> <span class='ocrx_word' id='word_1_563' title='bbox 1343 4247 1393 4303; x_wconf 92' lang='lat' dir='ltr'><strong>scd</strong></span> <span class='ocrx_word' id='word_1_564' title='bbox 1411 4246 1553 4302; x_wconf 90' lang='lat' dir='ltr'><strong>rusticum</strong></span> <span class='ocrx_word' id='word_1_565' title='bbox 1579 4247 1709 4302; x_wconf 90' lang='lat' dir='ltr'><strong>muribus</strong></span> <span class='ocrx_word' id='word_1_566' title='bbox 1725 4250 1777 4303; x_wconf 86' lang='lat' dir='ltr'><strong>aul</strong></span> 
     </span>
     <span class='ocr_line' id='line_1_79' title="bbox 951 4334 1777 4411; baseline 0.005 -24"><span class='ocrx_word' id='word_1_567' title='bbox 951 4355 1057 4411; x_wconf 70' lang='lat' dir='ltr'><strong>gerrone</strong></span> <span class='ocrx_word' id='word_1_568' title='bbox 1072 4355 1130 4392; x_wconf 91' lang='lat' dir='ltr'><strong>noa</strong></span> <span class='ocrx_word' id='word_1_569' title='bbox 1148 4338 1284 4407; x_wconf 89' lang='lat' dir='ltr'><strong>fatemur,</strong></span> <span class='ocrx_word' id='word_1_570' title='bbox 1302 4338 1360 4393; x_wconf 92' lang='lat' dir='ltr'><strong>imo</strong></span> <span class='ocrx_word' id='word_1_571' title='bbox 1376 4353 1428 4392; x_wconf 88' lang='lat' dir='ltr'><strong>nec</strong></span> <span class='ocrx_word' id='word_1_572' title='bbox 1442 4336 1499 4408; x_wconf 85' lang='lat' dir='ltr'><strong>ipsi</strong></span> <span class='ocrx_word' id='word_1_573' title='bbox 1514 4334 1632 4391; x_wconf 82' lang='lat' dir='ltr'><strong>diffiteri</strong></span> <span class='ocrx_word' id='word_1_574' title='bbox 1648 4335 1777 4392; x_wconf 88' lang='lat' dir='ltr'><strong>valerent</strong></span> 
     </span>
     <span class='ocr_line' id='line_1_80' title="bbox 952 4422 1776 4498; baseline 0.002 -20"><span class='ocrx_word' id='word_1_575' title='bbox 952 4424 1022 4498; x_wconf 86' lang='lat' dir='ltr'><strong>quin</strong></span> <span class='ocrx_word' id='word_1_576' title='bbox 1040 4425 1101 4497; x_wconf 89' lang='lat' dir='ltr'><strong>ipse</strong></span> <span class='ocrx_word' id='word_1_577' title='bbox 1117 4426 1280 4481; x_wconf 88' lang='lat' dir='ltr'><strong>secundum</strong></span> <span class='ocrx_word' id='word_1_578' title='bbox 1306 4439 1424 4479; x_wconf 87' lang='lat' dir='ltr'><strong>carnem</strong></span> <span class='ocrx_word' id='word_1_579' title='bbox 1441 4423 1475 4479; x_wconf 92' lang='lat' dir='ltr'><strong>de</strong></span> <span class='ocrx_word' id='word_1_580' title='bbox 1495 4422 1669 4478; x_wconf 89' lang='lat' dir='ltr'><strong>sacerdolali</strong></span> <span class='ocrx_word' id='word_1_581' title='bbox 1685 4423 1776 4497; x_wconf 86' lang='lat' dir='ltr'><strong>stirpe</strong></span> 
     </span>
    </p>
   </div>
   <div class='ocr_carea' id='block_1_10' title="bbox 64 4510 1777 4594">
    <p class='ocr_par' dir='ltr' id='par_1_13' title="bbox 64 4510 1777 4594">
     <span class='ocr_line' id='line_1_81' title="bbox 64 4510 1777 4594; baseline -0.006 -18"><span class='ocrx_word' id='word_1_582' title='bbox 64 4522 178 4587; x_wconf 86' lang='lat' dir='ltr'><strong>denter,</strong></span> <span class='ocrx_word' id='word_1_583' title='bbox 192 4516 378 4572; x_wconf 80' lang='lat' dir='ltr'><strong>vehementer</strong></span> <span class='ocrx_word' id='word_1_584' title='bbox 389 4517 486 4568; x_wconf 89' lang='lat' dir='ltr'><strong>tamen</strong></span> <span class='ocrx_word' id='word_1_585' title='bbox 500 4511 601 4566; x_wconf 80' lang='lat' dir='ltr'><strong>octrlos</strong></span> <span class='ocrx_word' id='word_1_586' title='bbox 616 4511 721 4565; x_wconf 81' lang='lat' dir='ltr'><strong>divinae</strong></span> <span class='ocrx_word' id='word_1_587' title='bbox 734 4512 896 4581; x_wconf 86' lang='lat' dir='ltr'><strong>majestatis</strong></span> <span class='ocrx_word' id='word_1_588' title='bbox 912 4529 935 4594; x_wconf 72' lang='grc' dir='ltr'><strong>Ι)</strong></span> <span class='ocrx_word' id='word_1_589' title='bbox 951 4512 1136 4569; x_wconf 86' lang='lat' dir='ltr'><strong>descenderit</strong></span> <span class='ocrx_word' id='word_1_590' title='bbox 1152 4529 1185 4567; x_wconf 92' lang='lat' dir='ltr'><strong>ac</strong></span> <span class='ocrx_word' id='word_1_591' title='bbox 1208 4511 1310 4583; x_wconf 77' lang='lat' dir='ltr'><strong>regali,</strong></span> <span class='ocrx_word' id='word_1_592' title='bbox 1326 4516 1353 4567; x_wconf 88' lang='lat' dir='ltr'><strong>ct</strong></span> <span class='ocrx_word' id='word_1_593' title='bbox 1373 4528 1471 4567; x_wconf 88' lang='lat' dir='ltr'><strong>mores</strong></span> <span class='ocrx_word' id='word_1_594' title='bbox 1486 4510 1549 4582; x_wconf 83' lang='lat' dir='ltr'><strong>ejus</strong></span> <span class='ocrx_word' id='word_1_595' title='bbox 1567 4511 1697 4583; x_wconf 77' lang='lat' dir='ltr'><strong>preclari</strong></span> <span class='ocrx_word' id='word_1_596' title='bbox 1714 4510 1777 4566; x_wconf 88' lang='lat' dir='ltr'><strong>fuc-</strong></span> 
     </span>
    </p>
   </div>
   <div class='ocr_carea' id='block_1_11' title="bbox 66 4600 902 5296">
    <p class='ocr_par' dir='ltr' id='par_1_14' title="bbox 66 4600 902 5296">
     <span class='ocr_line' id='line_1_82' title="bbox 66 4600 898 4677; baseline -0.012 -10"><span class='ocrx_word' id='word_1_597' title='bbox 66 4610 231 4675; x_wconf 89' lang='lat' dir='ltr'><strong>offendunt,</strong></span> <span class='ocrx_word' id='word_1_598' title='bbox 248 4604 298 4677; x_wconf 91' lang='lat' dir='ltr'><strong>qai</strong></span> <span class='ocrx_word' id='word_1_599' title='bbox 325 4600 561 4673; x_wconf 77' lang='lat' dir='ltr'><strong>crucifigentium</strong></span> <span class='ocrx_word' id='word_1_600' title='bbox 588 4601 676 4670; x_wconf 81' lang='lat' dir='ltr'><strong>lilios,</strong></span> <span class='ocrx_word' id='word_1_601' title='bbox 698 4608 799 4656; x_wconf 88' lang='lat' dir='ltr'><strong>contra</strong></span> <span class='ocrx_word' id='word_1_602' title='bbox 825 4620 898 4673; x_wconf 88' lang='lat' dir='ltr'><strong>quos</strong></span> 
     </span>
     <span class='ocr_line' id='line_1_83' title="bbox 66 4688 899 4767; baseline -0.02 -10"><span class='ocrx_word' id='word_1_603' title='bbox 66 4700 162 4757; x_wconf 82' lang='lat' dir='ltr'><strong>adhuc</strong></span> <span class='ocrx_word' id='word_1_604' title='bbox 178 4694 304 4767; x_wconf 81' lang='lat' dir='ltr'><strong>sanguis</strong></span> <span class='ocrx_word' id='word_1_605' title='bbox 330 4691 438 4747; x_wconf 88' lang='lat' dir='ltr'><strong>elamat</strong></span> <span class='ocrx_word' id='word_1_606' title='bbox 453 4689 483 4744; x_wconf 91' lang='lat' dir='ltr'><strong>ia</strong></span> <span class='ocrx_word' id='word_1_607' title='bbox 501 4688 596 4745; x_wconf 85' lang='lat' dir='ltr'><strong>Petris</strong></span> <span class='ocrx_word' id='word_1_608' title='bbox 620 4690 752 4758; x_wconf 77' lang='lat' dir='ltr'><strong>suriltus,</strong></span> <span class='ocrx_word' id='word_1_609' title='bbox 767 4692 899 4746; x_wconf 68' lang='lat' dir='ltr'><strong>crncifixi</strong></span> 
     </span>
     <span class='ocr_line' id='line_1_84' title="bbox 67 4780 899 4851; baseline -0.013 -4"><span class='ocrx_word' id='word_1_610' title='bbox 67 4786 176 4846; x_wconf 81' lang='lat' dir='ltr'><strong>Christi</strong></span> <span class='ocrx_word' id='word_1_611' title='bbox 194 4781 396 4841; x_wconf 78' lang='lat' dir='ltr'><strong>cohaeredibus</strong></span> <span class='ocrx_word' id='word_1_612' title='bbox 409 4780 578 4851; x_wconf 77' lang='lat' dir='ltr'><strong>proferunt,</strong></span> <span class='ocrx_word' id='word_1_613' title='bbox 590 4785 618 4834; x_wconf 93' lang='lat' dir='ltr'><strong>et</strong></span> <span class='ocrx_word' id='word_1_614' title='bbox 632 4784 771 4849; x_wconf 76' lang='lat' dir='ltr'><strong>tunquam</strong></span> <span class='ocrx_word' id='word_1_615' title='bbox 788 4781 899 4837; x_wconf 82' lang='lat' dir='ltr'><strong>ancillrc</strong></span> 
     </span>
     <span class='ocr_line' id='line_1_85' title="bbox 66 4868 900 4940; baseline -0.011 -6"><span class='ocrx_word' id='word_1_616' title='bbox 66 4880 145 4934; x_wconf 80' lang='lat' dir='ltr'><strong>filius</strong></span> <span class='ocrx_word' id='word_1_617' title='bbox 156 4890 227 4932; x_wconf 92' lang='lat' dir='ltr'><strong>cnm</strong></span> <span class='ocrx_word' id='word_1_618' title='bbox 242 4871 302 4927; x_wconf 88' lang='lat' dir='ltr'><strong>filio</strong></span> <span class='ocrx_word' id='word_1_619' title='bbox 318 4870 416 4926; x_wconf 84' lang='lat' dir='ltr'><strong>libcrre</strong></span> <span class='ocrx_word' id='word_1_620' title='bbox 434 4868 537 4940; x_wconf 89' lang='lat' dir='ltr'><strong>possit,</strong></span> <span class='ocrx_word' id='word_1_621' title='bbox 550 4871 589 4930; x_wconf 85' lang='lat' dir='ltr'><strong>et,</strong></span> <span class='ocrx_word' id='word_1_622' title='bbox 601 4868 706 4924; x_wconf 87' lang='lat' dir='ltr'><strong>debeat</strong></span> <span class='ocrx_word' id='word_1_623' title='bbox 721 4869 812 4925; x_wconf 79' lang='lat' dir='ltr'><strong>hoeres</strong></span> <span class='ocrx_word' id='word_1_624' title='bbox 824 4888 900 4939; x_wconf 83' lang='lat' dir='ltr'><strong>csse,</strong></span> 
     </span>
     <span class='ocr_line' id='line_1_86' title="bbox 68 4955 900 5031; baseline -0.014 -6"><span class='ocrx_word' id='word_1_625' title='bbox 68 4966 225 5025; x_wconf 78' lang='lat' dir='ltr'><strong>iudaicam</strong></span> <span class='ocrx_word' id='word_1_626' title='bbox 243 4960 413 5017; x_wconf 86' lang='lat' dir='ltr'><strong>servitutem</strong></span> <span class='ocrx_word' id='word_1_627' title='bbox 435 4955 553 5012; x_wconf 91' lang='lat' dir='ltr'><strong>illorum</strong></span> <span class='ocrx_word' id='word_1_628' title='bbox 575 4955 700 5011; x_wconf 85' lang='lat' dir='ltr'><strong>libertati</strong></span> <span class='ocrx_word' id='word_1_629' title='bbox 717 4966 900 5031; x_wconf 77' lang='lat' dir='ltr'><strong>praeponunt,</strong></span> 
     </span>
     <span class='ocr_line' id='line_1_87' title="bbox 70 5046 902 5130; baseline -0.013 -16"><span class='ocrx_word' id='word_1_630' title='bbox 70 5074 143 5130; x_wconf 90' lang='lat' dir='ltr'><strong>quos</strong></span> <span class='ocrx_word' id='word_1_631' title='bbox 158 5054 254 5113; x_wconf 79' lang='lat' dir='ltr'><strong>Filius</strong></span> <span class='ocrx_word' id='word_1_632' title='bbox 268 5048 414 5107; x_wconf 87' lang='lat' dir='ltr'><strong>liberavit.</strong></span> <span class='ocrx_word' id='word_1_633' title='bbox 425 5048 512 5111; x_wconf 87' lang='lat' dir='ltr'><strong>Sane,</strong></span> <span class='ocrx_word' id='word_1_634' title='bbox 526 5046 562 5100; x_wconf 91' lang='lat' dir='ltr'><strong>ad</strong></span> <span class='ocrx_word' id='word_1_635' title='bbox 573 5050 705 5102; x_wconf 85' lang='lat' dir='ltr'><strong>nostram</strong></span> <span class='ocrx_word' id='word_1_636' title='bbox 722 5050 837 5103; x_wconf 86' lang='lat' dir='ltr'><strong>noveris</strong></span> <span class='ocrx_word' id='word_1_637' title='bbox 848 5066 902 5104; x_wconf 93' lang='lat' dir='ltr'><strong>au-</strong></span> 
     </span>
     <span class='ocr_line' id='line_1_88' title="bbox 70 5132 900 5214; baseline -0.013 -11"><span class='ocrx_word' id='word_1_638' title='bbox 70 5145 215 5203; x_wconf 84' lang='lat' dir='ltr'><strong>dientiam</strong></span> <span class='ocrx_word' id='word_1_639' title='bbox 246 5137 425 5214; x_wconf 83' lang='lat' dir='ltr'><strong>pervenisse,</strong></span> <span class='ocrx_word' id='word_1_640' title='bbox 450 5132 528 5206; x_wconf 91' lang='lat' dir='ltr'><strong>quod</strong></span> <span class='ocrx_word' id='word_1_641' title='bbox 553 5133 581 5189; x_wconf 89' lang='lat' dir='ltr'><strong>in</strong></span> <span class='ocrx_word' id='word_1_642' title='bbox 607 5152 696 5207; x_wconf 80' lang='lat' dir='ltr'><strong>regno</strong></span> <span class='ocrx_word' id='word_1_643' title='bbox 725 5138 900 5192; x_wconf 82' lang='lat' dir='ltr'><strong>Francorum</strong></span> 
     </span>
     <span class='ocr_line' id='line_1_89' title="bbox 70 5224 902 5296; baseline -0.013 -3"><span class='ocrx_word' id='word_1_644' title='bbox 70 5234 162 5292; x_wconf 86' lang='lat' dir='ltr'><strong>ludrei</strong></span> <span class='ocrx_word' id='word_1_645' title='bbox 190 5232 265 5289; x_wconf 89' lang='lat' dir='ltr'><strong>adeo</strong></span> <span class='ocrx_word' id='word_1_646' title='bbox 290 5226 483 5291; x_wconf 86' lang='lat' dir='ltr'><strong>insolescunt,</strong></span> <span class='ocrx_word' id='word_1_647' title='bbox 503 5228 544 5291; x_wconf 92' lang='lat' dir='ltr'><strong>ut,</strong></span> <span class='ocrx_word' id='word_1_648' title='bbox 561 5224 616 5279; x_wconf 90' lang='lat' dir='ltr'><strong>sub</strong></span> <span class='ocrx_word' id='word_1_649' title='bbox 641 5225 737 5296; x_wconf 90' lang='lat' dir='ltr'><strong>specie</strong></span> <span class='ocrx_word' id='word_1_650' title='bbox 760 5226 902 5283; x_wconf 72' lang='lat' dir='ltr'><strong>usuraria</strong></span> 
     </span>
    </p>
   </div>
   <div class='ocr_carea' id='block_1_12' title="bbox 72 5404 904 5631">
    <p class='ocr_par' dir='ltr' id='par_1_15' title="bbox 72 5404 904 5631">
     <span class='ocr_line' id='line_1_90' title="bbox 106 5404 795 5483; baseline -0.02 -10"><span class='ocrx_word' id='word_1_651' title='bbox 106 5416 153 5483; x_wconf 87' lang='grc'><strong>(55</strong></span> <span class='ocrx_word' id='word_1_652' title='bbox 198 5412 270 5470; x_wconf 82' lang='lat' dir='ltr'><strong>lide</strong></span> <span class='ocrx_word' id='word_1_653' title='bbox 284 5406 439 5479; x_wconf 82' lang='lat' dir='ltr'><strong>epistolam</strong></span> <span class='ocrx_word' id='word_1_654' title='bbox 457 5404 638 5475; x_wconf 82' lang='lat' dir='ltr'><strong>superiorem</strong></span> <span class='ocrx_word' id='word_1_655' title='bbox 658 5404 718 5473; x_wconf 82' lang='lat' dir='ltr'><strong>till,</strong></span> <span class='ocrx_word' id='word_1_656' title='bbox 736 5409 795 5459; x_wconf 88' lang='lat' dir='ltr'><strong>not.</strong></span> 
     </span>
     <span class='ocr_line' id='line_1_91' title="bbox 104 5416 903 5559; baseline -0.009 -19"><span class='ocrx_word' id='word_1_657' title='bbox 104 5416 185 5559; x_wconf 54' lang='lat'><strong>(553</strong></span> <span class='ocrx_word' id='word_1_658' title='bbox 202 5482 365 5556; x_wconf 81' lang='lat' dir='ltr'><strong>Epistolam</strong></span> <span class='ocrx_word' id='word_1_659' title='bbox 391 5478 466 5534; x_wconf 90' lang='lat' dir='ltr'><strong>hanc</strong></span> <span class='ocrx_word' id='word_1_660' title='bbox 488 5474 589 5530; x_wconf 89' lang='lat' dir='ltr'><strong>laudat</strong></span> <span class='ocrx_word' id='word_1_661' title='bbox 611 5475 742 5558; x_wconf 26' lang='lat' dir='ltr'><strong>Bzoviuus,</strong></span> <span class='ocrx_word' id='word_1_662' title='bbox 762 5477 863 5533; x_wconf 77' lang='lat' dir='ltr'><strong>Annei.</strong></span> <span class='ocrx_word' id='word_1_663' title='bbox 880 5480 903 5540; x_wconf 88' lang='lat' dir='ltr'><strong>i,</strong></span> 
     </span>
     <span class='ocr_line' id='line_1_92' title="bbox 72 5548 904 5631; baseline -0.01 -17"><span class='ocrx_word' id='word_1_664' title='bbox 72 5558 147 5625; x_wconf 85' lang='lat' dir='ltr'><strong>iflll,</strong></span> <span class='ocrx_word' id='word_1_665' title='bbox 165 5572 236 5631; x_wconf 80' lang='lat' dir='ltr'><strong>pag.</strong></span> <span class='ocrx_word' id='word_1_666' title='bbox 253 5553 315 5619; x_wconf 85' lang='lat'><strong>131,</strong></span> <span class='ocrx_word' id='word_1_667' title='bbox 331 5554 345 5621; x_wconf 71' lang='lat'>5</span> <span class='ocrx_word' id='word_1_668' title='bbox 359 5568 387 5606; x_wconf 86' lang='lat' dir='ltr'><strong>x.</strong></span> <span class='ocrx_word' id='word_1_669' title='bbox 404 5548 554 5606; x_wconf 75' lang='lat' dir='ltr'><strong>llarndem.</strong></span> <span class='ocrx_word' id='word_1_670' title='bbox 572 5548 621 5601; x_wconf 74' lang='lat' dir='ltr'><strong>scil</strong></span> <span class='ocrx_word' id='word_1_671' title='bbox 646 5549 792 5613; x_wconf 79' lang='lat' dir='ltr'><strong>mutilam,</strong></span> <span class='ocrx_word' id='word_1_672' title='bbox 811 5550 904 5606; x_wconf 85' lang='lat' dir='ltr'><strong>edidit</strong></span> 
     </span>
    </p>
   </div>
   <div class='ocr_carea' id='block_1_13' title="bbox 74 5618 903 5704">
    <p class='ocr_par' dir='ltr' id='par_1_16' title="bbox 74 5618 903 5704">
     <span class='ocr_line' id='line_1_93' title="bbox 74 5618 903 5704; baseline -0.014 -14"><span class='ocrx_word' id='word_1_673' title='bbox 74 5630 262 5704; x_wconf 72' lang='lat' dir='ltr'><strong>lisynsldus,</strong></span> <span class='ocrx_word' id='word_1_674' title='bbox 274 5625 310 5683; x_wconf 87' lang='lat' dir='ltr'><strong>ad</strong></span> <span class='ocrx_word' id='word_1_675' title='bbox 327 5639 438 5681; x_wconf 82' lang='lat' dir='ltr'><strong>annum</strong></span> <span class='ocrx_word' id='word_1_676' title='bbox 456 5618 696 5687; x_wconf 74' lang='lat' dir='ltr'><strong>1205,§57.Qun</strong></span> <span class='ocrx_word' id='word_1_677' title='bbox 712 5622 789 5693; x_wconf 85' lang='lat' dir='ltr'><strong>apud</strong></span> <span class='ocrx_word' id='word_1_678' title='bbox 806 5621 903 5693; x_wconf 83' lang='lat' dir='ltr'><strong>ipsum</strong></span> 
     </span>
    </p>
   </div>
   <div class='ocr_carea' id='block_1_14' title="bbox 954 4597 1783 5300">
    <p class='ocr_par' dir='ltr' id='par_1_17' title="bbox 954 4597 1783 5300">
     <span class='ocr_line' id='line_1_94' title="bbox 954 4597 1779 4673; baseline -0.004 -15"><span class='ocrx_word' id='word_1_679' title='bbox 954 4607 1031 4671; x_wconf 86' lang='lat' dir='ltr'><strong>runt,</strong></span> <span class='ocrx_word' id='word_1_680' title='bbox 1050 4606 1078 4657; x_wconf 90' lang='lat' dir='ltr'><strong>et</strong></span> <span class='ocrx_word' id='word_1_681' title='bbox 1093 4601 1218 4657; x_wconf 72' lang='lat' dir='ltr'><strong>honesti.</strong></span> <span class='ocrx_word' id='word_1_682' title='bbox 1237 4601 1269 4656; x_wconf 91' lang='lat' dir='ltr'><strong>ln</strong></span> <span class='ocrx_word' id='word_1_683' title='bbox 1286 4601 1333 4655; x_wconf 85' lang='lat' dir='ltr'><strong>clio</strong></span> <span class='ocrx_word' id='word_1_684' title='bbox 1349 4616 1466 4673; x_wconf 86' lang='lat' dir='ltr'><strong>qunque</strong></span> <span class='ocrx_word' id='word_1_685' title='bbox 1489 4616 1669 4672; x_wconf 78' lang='lat' dir='ltr'><strong>parasceves,</strong></span> <span class='ocrx_word' id='word_1_686' title='bbox 1684 4597 1779 4657; x_wconf 72' lang='lat' dir='ltr'><strong>lodoci</strong></span> 
     </span>
     <span class='ocr_line' id='line_1_95' title="bbox 954 4688 1780 4762; baseline 0 -16"><span class='ocrx_word' id='word_1_687' title='bbox 954 4696 1055 4747; x_wconf 87' lang='lat' dir='ltr'><strong>contra</strong></span> <span class='ocrx_word' id='word_1_688' title='bbox 1069 4695 1193 4746; x_wconf 85' lang='lat' dir='ltr'><strong>voterem</strong></span> <span class='ocrx_word' id='word_1_689' title='bbox 1211 4690 1454 4746; x_wconf 86' lang='lat' dir='ltr'><strong>consuetudinem</strong></span> <span class='ocrx_word' id='word_1_690' title='bbox 1467 4706 1517 4760; x_wconf 89' lang='lat' dir='ltr'><strong>per</strong></span> <span class='ocrx_word' id='word_1_691' title='bbox 1527 4690 1615 4755; x_wconf 80' lang='lat' dir='ltr'><strong>vicos,</strong></span> <span class='ocrx_word' id='word_1_692' title='bbox 1627 4694 1654 4745; x_wconf 91' lang='lat' dir='ltr'><strong>et</strong></span> <span class='ocrx_word' id='word_1_693' title='bbox 1669 4688 1780 4762; x_wconf 80' lang='lat' dir='ltr'><strong>plateas</strong></span> 
     </span>
     <span class='ocr_line' id='line_1_96' title="bbox 956 4780 1779 4852; baseline 0 -17"><span class='ocrx_word' id='word_1_694' title='bbox 956 4780 1072 4852; x_wconf 89' lang='lat' dir='ltr'><strong>publice</strong></span> <span class='ocrx_word' id='word_1_695' title='bbox 1095 4781 1307 4847; x_wconf 88' lang='lat' dir='ltr'><strong>discurrentes,</strong></span> <span class='ocrx_word' id='word_1_696' title='bbox 1323 4784 1540 4846; x_wconf 88' lang='lat' dir='ltr'><strong>concurrentes,</strong></span> <span class='ocrx_word' id='word_1_697' title='bbox 1555 4780 1640 4849; x_wconf 85' lang='lat' dir='ltr'><strong>juxta</strong></span> <span class='ocrx_word' id='word_1_698' title='bbox 1656 4797 1779 4848; x_wconf 89' lang='lat' dir='ltr'><strong>morem,</strong></span> 
     </span>
     <span class='ocr_line' id='line_1_97' title="bbox 956 4867 1779 4941; baseline -0.002 -16"><span class='ocrx_word' id='word_1_699' title='bbox 956 4867 1278 4941; x_wconf 85' lang='lat' dir='ltr'><strong>undiqueChristianos</strong></span> <span class='ocrx_word' id='word_1_700' title='bbox 1288 4873 1319 4924; x_wconf 87' lang='lat' dir='ltr'><strong>ut</strong></span> <span class='ocrx_word' id='word_1_701' title='bbox 1330 4868 1631 4924; x_wconf 81' lang='lat' dir='ltr'><strong>adorentcrucifrrum</strong></span> <span class='ocrx_word' id='word_1_702' title='bbox 1644 4869 1672 4923; x_wconf 93' lang='lat' dir='ltr'><strong>in</strong></span> <span class='ocrx_word' id='word_1_703' title='bbox 1684 4885 1779 4938; x_wconf 89' lang='lat' dir='ltr'><strong>cruce,</strong></span> 
     </span>
     <span class='ocr_line' id='line_1_98' title="bbox 956 4957 1778 5030; baseline 0.002 -21"><span class='ocrx_word' id='word_1_704' title='bbox 956 4958 1100 5026; x_wconf 86' lang='lat' dir='ltr'><strong>derident,</strong></span> <span class='ocrx_word' id='word_1_705' title='bbox 1110 4963 1138 5013; x_wconf 91' lang='lat' dir='ltr'><strong>et</strong></span> <span class='ocrx_word' id='word_1_706' title='bbox 1149 4975 1198 5013; x_wconf 88' lang='lat' dir='ltr'><strong>eos</strong></span> <span class='ocrx_word' id='word_1_707' title='bbox 1211 4975 1260 5029; x_wconf 89' lang='lat' dir='ltr'><strong>per</strong></span> <span class='ocrx_word' id='word_1_708' title='bbox 1274 4957 1450 5030; x_wconf 76' lang='lat' dir='ltr'><strong>improperia</strong></span> <span class='ocrx_word' id='word_1_709' title='bbox 1461 4975 1515 5012; x_wconf 87' lang='lat' dir='ltr'><strong>sua</strong></span> <span class='ocrx_word' id='word_1_710' title='bbox 1526 4959 1647 5013; x_wconf 90' lang='lat' dir='ltr'><strong>student</strong></span> <span class='ocrx_word' id='word_1_711' title='bbox 1659 4957 1695 5012; x_wconf 80' lang='lat' dir='ltr'><strong>uli</strong></span> <span class='ocrx_word' id='word_1_712' title='bbox 1707 4958 1778 5012; x_wconf 89' lang='lat' dir='ltr'><strong>ado-</strong></span> 
     </span>
     <span class='ocr_line' id='line_1_99' title="bbox 957 5044 1780 5116; baseline -0.001 -15"><span class='ocrx_word' id='word_1_713' title='bbox 957 5044 1078 5101; x_wconf 80' lang='lat' dir='ltr'><strong>rationis</strong></span> <span class='ocrx_word' id='word_1_714' title='bbox 1093 5045 1190 5101; x_wconf 86' lang='lat' dir='ltr'><strong>cffrcio</strong></span> <span class='ocrx_word' id='word_1_715' title='bbox 1206 5060 1349 5101; x_wconf 77' lang='lat' dir='ltr'><strong>revocare.</strong></span> <span class='ocrx_word' id='word_1_716' title='bbox 1366 5044 1469 5099; x_wconf 90' lang='lat' dir='ltr'><strong>Patent</strong></span> <span class='ocrx_word' id='word_1_717' title='bbox 1483 5061 1599 5116; x_wconf 87' lang='lat' dir='ltr'><strong>quoquc</strong></span> <span class='ocrx_word' id='word_1_718' title='bbox 1618 5044 1780 5100; x_wconf 77' lang='lat' dir='ltr'><strong>latronibus</strong></span> 
     </span>
     <span class='ocr_line' id='line_1_100' title="bbox 958 5133 1781 5207; baseline -0.002 -16"><span class='ocrx_word' id='word_1_719' title='bbox 958 5136 1102 5207; x_wconf 77' lang='lat' dir='ltr'><strong>usquead</strong></span> <span class='ocrx_word' id='word_1_720' title='bbox 1120 5141 1235 5191; x_wconf 86' lang='lat' dir='ltr'><strong>noctem</strong></span> <span class='ocrx_word' id='word_1_721' title='bbox 1256 5133 1406 5189; x_wconf 87' lang='lat' dir='ltr'><strong>dimidiam</strong></span> <span class='ocrx_word' id='word_1_722' title='bbox 1428 5135 1504 5189; x_wconf 88' lang='lat' dir='ltr'><strong>ostia</strong></span> <span class='ocrx_word' id='word_1_723' title='bbox 1519 5134 1699 5202; x_wconf 67' lang='lat' dir='ltr'><strong>ludaeorum,</strong></span> <span class='ocrx_word' id='word_1_724' title='bbox 1717 5148 1781 5200; x_wconf 87' lang='lat' dir='ltr'><strong>nec,</strong></span> 
     </span>
     <span class='ocr_line' id='line_1_101' title="bbox 956 5223 1783 5300; baseline -0.004 -18"><span class='ocrx_word' id='word_1_725' title='bbox 956 5227 979 5282; x_wconf 88' lang='lat' dir='ltr'><strong>si</strong></span> <span class='ocrx_word' id='word_1_726' title='bbox 997 5227 1066 5300; x_wconf 90' lang='lat' dir='ltr'><strong>quid</strong></span> <span class='ocrx_word' id='word_1_727' title='bbox 1084 5228 1161 5283; x_wconf 91' lang='lat' dir='ltr'><strong>furto</strong></span> <span class='ocrx_word' id='word_1_728' title='bbox 1177 5226 1327 5282; x_wconf 89' lang='lat' dir='ltr'><strong>sublatum</strong></span> <span class='ocrx_word' id='word_1_729' title='bbox 1352 5227 1504 5280; x_wconf 89' lang='lat' dir='ltr'><strong>inventura</strong></span> <span class='ocrx_word' id='word_1_730' title='bbox 1529 5223 1616 5279; x_wconf 88' lang='lat' dir='ltr'><strong>fuerit</strong></span> <span class='ocrx_word' id='word_1_731' title='bbox 1631 5224 1706 5296; x_wconf 85' lang='lat' dir='ltr'><strong>apud</strong></span> <span class='ocrx_word' id='word_1_732' title='bbox 1721 5240 1783 5291; x_wconf 88' lang='lat' dir='ltr'><strong>cos,</strong></span> 
     </span>
    </p>
   </div>
   <div class='ocr_carea' id='block_1_15' title="bbox 957 5402 1591 5553">
    <p class='ocr_par' dir='ltr' id='par_1_18' title="bbox 957 5402 1591 5553">
     <span class='ocr_line' id='line_1_102' title="bbox 957 5402 1498 5477; baseline -0.006 -15"><span class='ocrx_word' id='word_1_733' title='bbox 957 5407 1107 5477; x_wconf 87' lang='lat' dir='ltr'><strong>leguntur,</strong></span> <span class='ocrx_word' id='word_1_734' title='bbox 1123 5407 1176 5470; x_wconf 87' lang='lat' dir='ltr'><strong>hic</strong></span> <span class='ocrx_word' id='word_1_735' title='bbox 1190 5407 1274 5463; x_wconf 85' lang='lat' dir='ltr'><strong>uncis</strong></span> <span class='ocrx_word' id='word_1_736' title='bbox 1289 5402 1404 5461; x_wconf 87' lang='lat' dir='ltr'><strong>inclusa</strong></span> <span class='ocrx_word' id='word_1_737' title='bbox 1418 5408 1498 5460; x_wconf 88' lang='lat' dir='ltr'><strong>sunt.</strong></span> 
     </span>
     <span class='ocr_line' id='line_1_103' title="bbox 993 5475 1591 5553; baseline -0.007 -22"><span class='ocrx_word' id='word_1_738' title='bbox 993 5479 1067 5547; x_wconf 74' lang='lat'>(550)</span> <span class='ocrx_word' id='word_1_739' title='bbox 1082 5476 1156 5551; x_wconf 47' lang='lat' dir='ltr'><strong>linig</strong></span> <span class='ocrx_word' id='word_1_740' title='bbox 1173 5482 1250 5553; x_wconf 71' lang='lat' dir='ltr'><strong>atiud</strong></span> <span class='ocrx_word' id='word_1_741' title='bbox 1263 5476 1454 5550; x_wconf 75' lang='lat' dir='ltr'><strong>liayrraldum,</strong></span> <span class='ocrx_word' id='word_1_742' title='bbox 1470 5475 1524 5533; x_wconf 90' lang='lat' dir='ltr'><strong>loc.</strong></span> <span class='ocrx_word' id='word_1_743' title='bbox 1542 5475 1591 5530; x_wconf 90' lang='lat' dir='ltr'><strong>cit.</strong></span> 
     </span>
    </p>
   </div>
   <div class='ocr_carea' id='block_1_16' title="bbox 993 5546 1449 5636">
    <p class='ocr_par' dir='ltr' id='par_1_19' title="bbox 993 5546 1449 5636">
     <span class='ocr_line' id='line_1_104' title="bbox 993 5546 1449 5636; baseline -0.035 -15"><span class='ocrx_word' id='word_1_744' title='bbox 993 5551 1081 5621; x_wconf 74' lang='lat'><strong>(559&#39;)</strong></span> <span class='ocrx_word' id='word_1_745' title='bbox 1098 5551 1260 5636; x_wconf 44' lang='lat' dir='ltr'><strong>finetenus</strong></span> <span class='ocrx_word' id='word_1_746' title='bbox 1273 5546 1449 5621; x_wconf 64' lang='lat' dir='ltr'><strong>hernaldus.</strong></span> 
     </span>
    </p>
   </div>
   <div class='ocr_carea' id='block_1_17' title="bbox 0 0 1910 6022">
    <p class='ocr_par' dir='ltr' id='par_1_20' title="bbox 0 0 1910 6022">
     <span class='ocr_line' id='line_1_105' title="bbox 0 0 1910 6022; baseline 0 0"><span class='ocrx_word' id='word_1_747' title='bbox 0 0 1910 6022; x_wconf 95' lang='lat' dir='ltr'><strong> </strong></span> 
     </span>
    </p>
   </div>
  </div>
 </body>
</html>
