3780 6000
110 179 164 237 tlt
471 204 473 208 ³
573 177 785 236 innocuam
803 177 844 233 111
861 178 918 233 PP.
935 175 1184 239 massadam(
1200 181 1269 239 am.
1288 181 1351 237 vll.
1766 176 1820 235 568

110 305 201 363 tionis
224 301 571 375 obstaculo,'{prooedere
586 317 645 356 non
669 300 832 356 tardarent.
848 302 938 355 Cate-
952 299 979 367 A
994 301 1104 359 dicium
1120 303 1215 361 iuerat
1229 308 1416 370 attentatum,
1437 302 1580 359 revocatis
1593 300 1685 359 eliam
1699 299 1819 375 litteris,

111 413 189 464 rum,
205 395 301 450 dictus
316 391 478 449 vicecomes
492 389 609 447 benaici
624 391 653 447 in
666 396 768 446 nostra
782 388 938 462 prasentia
992 406 1057 462 quea
1072 389 1137 465 ipso
1151 393 1285 451 veniente
1301 395 1336 450 ad
1354 411 1407 450 nos
1423 393 1541 449 fueraut
1555 408 1607 465 per
1631 389 1817 447 mendacium

110 485 426 555 constitutus,gravem
439 498 537 538 coram
545 480 642 549 nobis,
654 480 856 536 contradictus
860 478 937 548 judi·
991 477 1165 552 impetratur,
1183 500 1302 540 uxorem
1314 499 1400 539 suam
1417 482 1520 539 reverti
1535 481 1571 537 ad
1587 481 1688 553 ipsum
1704 496 1757 553 per
1770 496 1818 536 ex·

109 591 158 632 ces
180 573 326 646 [exposuit
349 574 528 645 questionem
547 571 631 643 (677),
656 569 746 641 quod,
762 584 830 625 oum
846 568 936 624 dictus
991 572 1268 631 communicationis
1283 572 1472 639 sententiam,
1485 576 1514 629 et
1528 571 1719 628 interdictum
1735 574 1818 626 terrae

104 664 335 738 Corisopitensis
362 663 519 738 episeopus
543 662 668 718 stabilem
687 662 779 717 ciram
801 659 881 717 Gaia.
902 658 936 714 de
990 659 1163 731 compellere
1184 663 1386 736 dignaremur,
1411 662 1580 718 detentores
1604 659 1701 733 ipsius
1719 663 1817 716 otter-

107 756 237 825 Toorctae,
254 755 392 812 comitem
409 753 549 817 lintona,
565 752 698 824 proxima
712 750 792 806 linea
805 766 933 806 consau·
990 765 1040 820 ra,
1056 751 1158 809 eadem
1179 752 1365 810 districtione
1380 757 1529 825 cogentes,
1552 751 1649 824 ipsam
1664 754 1696 806 et
1707 753 1815 806 terram

107 840 745 918 guinitatisattiugutatarobidiaoonusejus
761 837 933 896 sitclericus
989 838 1143 897 restituere
1165 858 1232 898 oum
1257 841 1406 899 fructibus
1421 840 1568 914 perceptis
1592 856 1627 898 ex
1648 839 1723 912 ipsa,
1739 838 1816 895 tace·

108 932 329 995 commonentia
342 932 391 1006 qui
406 931 500 988 eidem
516 928 681 987 vicecomiti
693 933 738 985 est
749 928 934 986 adversarius
988 945 1087 986 remus
1102 932 1276 1004 sententias,
1287 931 1419 1006 siugulis
1431 929 1748 988 diebusliomiaiciset
1759 929 1815 985 ies-

106 1022 289 1100 prinoipalis,
305 1027 336 1077 nt
352 1020 402 1094 qui
418 1037 536 1078 uxorem
553 1037 639 1076 suam
654 1023 682 1075 et
697 1024 804 1075 terrain
819 1018 934 1090 publice
988 1017 1067 1087 livia,
1078 1021 1339 1092 perTuroueuscm
1351 1026 1380 1078 et
1392 1020 1639 1094 enrdegatensem
1653 1016 1817 1090 provincias

106 1114 238 1171 detinere
253 1110 417 1186 praesumit,
431 1114 460 1166 et
476 1108 617 1183 magister
630 1108 659 1164 P.
675 1109 803 1165 delictor
815 1108 887 1180 (678)
898 1107 933 1165 de
988 1106 1133 1178 publicari
1157 1117 1185 1166 et
1197 1109 1322 1167 tirmiter
1346 1109 1506 1179 observari,
1530 1125 1626 1181 usque
1641 1108 1677 1164 ad
1698 1105 1816 1163 satista-

102 1208 181 1262 lerre
206 1203 304 1260 uxoris
325 1219 385 1259 saa
409 1201 553 1258 oriundus
575 1199 691 1268 existat,
717 1198 806 1254 nimis
832 1198 932 1255 iuvene
987 1194 1814 1273 otiouemcoadiguam.ttumigiturinmatrimonialibus

102 1296 241 1353 eidomet
269 1310 371 1351 omnes
401 1291 456 1348 sub
483 1291 628 1359 districtu,
656 1298 681 1345 ct
701 1289 933 1361 polestctelpsics
986 1286 1814 1363 oausisudcouJ'ungendumquamdisjuugeudumdebea·

105 1384 135 1442 G.
151 1386 284 1454 existunt,
309 1399 362 1438 uec
379 1381 436 1437 uisi
452 1397 503 1452 per
522 1378 691 1435 districtum
717 1377 812 1450 ipsius
827 1377 852 1434 ei
878 1393 931 1446 pu·
987 1391 1055 1432 mus
1070 1377 1194 1436 existere
1202 1380 1367 1452 proniores,
1378 1395 1415 1434 ue
1427 1380 1499 1434 forte
1510 1378 1588 1449 quod
1602 1377 1680 1432 Deus
1690 1375 1813 1447 conjun-

105 1474 193 1532 tuerit
208 1489 345 1531 accessus
361 1472 396 1526 ad
412 1486 458 1526 eos
471 1471 541 1541 ipsis
552 1468 623 1541 (679)
634 1483 786 1540 uunquam
797 1467 823 1522 ei
835 1464 931 1523 uolue-
984 1463 1118 1523 xitbomo
1134 1483 1271 1539 separare
1284 1473 1454 1541 prasumat,
1465 1465 1636 1523 discretioni
1646 1471 1751 1521 vestra
1762 1480 1812 1535 per

104 1573 171 1621 runt
186 1562 244 1620 uisi
260 1563 289 1617 in
307 1567 383 1617 terra
397 1559 585 1615 inimicorum
598 1573 720 1613 suorum
732 1556 828 1612 locum
839 1560 931 1612 elter-
985 1554 1148 1626 apostolica
1162 1556 1273 1630 scripta
1288 1556 1696 1630 preacipiendolmandsmus,
1713 1558 1812 1626 qualo·

104 1652 221 1710 minum
247 1651 411 1722 assignare,
427 1648 475 1703 ubi
496 1646 559 1703 siue
576 1645 680 1702 mortis
696 1643 825 1718 periculo
849 1660 929 1701 aoce-
946 1679 968 1745 B
985 1659 1052 1713 aus,
1064 1660 1144 1712 cam,
1157 1647 1229 1702 sicul
1243 1645 1317 1703 idem
1330 1645 1430 1703 asserit
1441 1647 1588 1703 vicecomes
1598 1644 1684 1716 (680),
1697 1643 1812 1716 propin·

103 1743 172 1798 dere
187 1758 245 1797 nou
270 1740 419 1806 audebat;
435 1742 474 1803 et,
489 1736 559 1792 licet
582 1735 692 1791 litterae
715 1751 772 1791 aon
798 1734 930 1790 latuerit
983 1733 1102 1805 quiores
1116 1733 1277 1791 sitisterra
1292 1735 1401 1792 nobilis
1409 1737 1472 1808 jam
1489 1736 1573 1792 diotre
1584 1750 1674 1806 quem
1689 1750 1760 1800 sua,
1778 1749 1810 1789 ac

103 1832 140 1888 de
154 1830 313 1894 conductu,
330 1829 355 1884 si
373 1833 472 1884 tamon
488 1825 515 1882 ei
532 1826 629 1882 missa
645 1825 782 1891 luissent,
804 1840 862 1880 nou
878 1823 928 1879 ds·
983 1838 1071 1878 causa
1095 1822 1227 1897 ipseper
1248 1842 1299 1882 vos
1328 1825 1514 1882 commodius
1527 1824 1624 1880 valeat
1641 1821 1808 1890 terminari,

103 1921 232 1979 hebotse
243 1920 360 1976 credere
371 1918 433 1974 sais
449 1914 625 1988 capitalibus
638 1913 779 1970 inimicis.
791 1915 928 1985 iusuper,
982 1929 1050 1968 cum
1065 1912 1168 1970 advos
1183 1931 1306 1972 scaurus
1316 1920 1413 1988 pateat
1429 1931 1568 1971 accessus
1576 1913 1701 1987 utrique,
1715 1916 1808 1986 parter

105 2027 172 2067 curu
186 2010 229 2066 eis
244 2012 353 2065 certam
369 2007 495 2062 formum
520 2004 691 2061 duxerimus
707 2002 926 2076 praefigendam,
981 2002 1018 2058 nd
1034 2006 1152 2059 uestram
1168 2007 1348 2076 praeentiam
1370 2006 1529 2074 convocetis,
1545 2008 1583 2074 st,
1602 2004 1741 2076 inquisito
1763 2019 1809 2059 tu-

104 2099 163 2173 ipsi
178 2104 243 2171 post
266 2094 493 2170 appeliationem
508 2095 543 2149 ed
558 2110 611 2151 uos
622 2093 752 2164 legitime
767 2089 925 2163 interposi·
978 2093 1180 2164 perpraemiasis
1203 2094 1367 2167 dilipentlaa
1382 2097 1509 2162 ueritate,
1531 2095 1557 2150 si
1568 2093 1651 2150 vobis
1661 2091 1804 2149 constite-

104 2192 167 2245 tum
183 2187 362 2259 reliquentes
379 2186 515 2253 termam,
535 2200 622 2254 quom
639 2182 855 2255 praefixeramus
870 2179 926 2237 eia·
981 2181 1027 2251 rii,
1042 2184 1118 2254 quod
1134 2189 1203 2240 uate
1219 2183 1299 2241 litem
1313 2183 1443 2257 legitime
1459 2188 1665 2255 contestatam,
1680 2181 1726 2238 vei
1739 2185 1806 2253 post

105 2278 183 2345 doru,
206 2281 241 2332 de
261 2273 457 2349 appellatione
480 2273 704 2336 tandummodo,
730 2269 925 2344 pretermisso
980 2272 1806 2344 appellationemrationabiliterinterpositamtestessa-

98 2367 176 2441 juris
192 2365 646 2437 ordine,inquireules,oumnou
659 2363 924 2418 iuisaetostcnsum
980 2377 1031 2432 par
1045 2362 1300 2432 consanguinitate
1324 2370 1428 2419 contra
1441 2364 1653 2419 matrimonium
1674 2361 1749 2432 (681)
1764 2376 1806 2416 rc·

99 2454 195 2531 ipsam
210 2471 275 2512 esse
290 2453 466 2527 legitimam,
481 2469 535 2509 aec
549 2458 656 2509 teruere
669 2451 780 2523 aliquid
797 2456 923 2507 attmte·
979 2451 1053 2522 cepti
1063 2452 1198 2516 luissent,
1209 2469 1260 2508 vos
1271 2453 1476 2509 attestationes
1489 2452 1658 2524 hujusmodi
1668 2452 1806 2507 decerna·

100 2552 176 2613 tum,
189 2560 242 2600 nco
258 2545 293 2600 de
308 2543 376 2599 aliis
391 2543 535 2615 injunctis
554 2542 613 2598 sibi
628 2542 768 2613 capitulis
783 2538 923 2610 inquisis·
979 2540 1018 2598 tis
1033 2541 1132 2598 irritas
1147 2549 1175 2598 et
1189 2541 1304 2610 inanes,
1319 2544 1507 2615 appellatione
1525 2549 1658 2609 certante,
1675 2539 1804 2613 compel-

99 2639 176 2703 soul,
191 2633 371 2689 sententiam
386 2632 416 2688 in
433 2633 526 2704 ipsam
539 2630 691 2687 mulierem
705 2631 760 2685 rite
770 2628 859 2685 latam
869 2628 923 2685 mi·
977 2629 1071 2687 lentes
1085 2648 1208 2688 censura
1222 2635 1408 2689 ecclesiastica
1426 2632 1597 2705 preadictum
1614 2629 1758 2696 nobilem,
1773 2633 1805 2685 ut

100 2722 249 2794 nusjuste
264 2722 382 2776 irratam
399 2719 633 2788 nuntiarunt,ot,
650 2718 700 2776 lite
711 2723 923 2775 noncoutcsta·
978 2727 1139 2777 revertatur
1154 2723 1190 2778 ad
1207 2725 1297 2777 virum
1314 2722 1398 2794 (682),
1415 2739 1501 2794 quem
1514 2718 1804 2776 inconsultedimisit

96 2816 141 2880 ta,
156 2816 247 2868 testes
272 2827 362 2884 super
381 2808 534 2882 principali
559 2808 687 2880 recipere
713 2812 922 2879 praesumentes
975 2810 1136 2867 mandalum
1159 2811 1350 2883 apostolicum,
1371 2812 1479 2868 sublato
1493 2812 1639 2882 cujustibet
1657 2807 1800 2866 contradi·

98 2905 127 2957 el
143 2906 315 2956 recusantes
330 2897 478 2970 legitimas
493 2898 679 2970 exceptiones
694 2896 800 2970 ipsius,
815 2895 923 2969 allega·
975 2897 1078 2953 ationis
1097 2908 1123 2955 ct
1144 2898 1337 2970 appellationis
1360 2901 1518 2968 obstaculo,
1547 2897 1690 2963 impleturi
1706 2938 1713 2966 ,
1738 2898 1800 2965 ita,

97 2990 194 3047 tiones
209 2990 272 3061 ejus
297 3004 349 3060 pro
365 2988 469 3059 majori
496 2992 588 3057 parte,
603 2992 631 3044 el
655 2987 781 3042 maxime
796 3002 859 3057 qua
879 2987 921 3041 la·
976 2990 1065 3056 quod,
1082 2993 1236 3060 postquam
1252 2989 1315 3060 ipse
1343 2989 1386 3046 vir
1400 2989 1560 3061 plenariam
1583 2988 1800 3045 restitutionem

99 3078 216 3136 ciebant
231 3077 266 3134 ud
283 3094 415 3144 caueam,
438 3077 467 3131 iu
483 3076 547 3132 suis
566 3075 672 3134 litteris
688 3080 852 3145 tacuerunt,
868 3091 919 3146 pro
976 3074 1113 3133 babuerit
1127 3082 1188 3134 tam
1211 3079 1321 3144 uxoris,
1347 3096 1437 3151 quam
1453 3086 1548 3150 terra,
1573 3095 1695 3135 causam
1709 3094 1801 3150 super

98 3169 222 3226 adversa
245 3173 328 3240 parte
349 3165 440 3223 multa
455 3182 519 3238 ques
544 3181 643 3222 coram
659 3166 702 3221 eis
717 3165 842 3238 allegata
862 3181 921 3222 noa
974 3165 1159 3223 matrimonio
1175 3168 1313 3240 audiatis,
1329 3185 1454 3241 eamque
1469 3169 1527 3224 fine
1544 3167 1687 3224 canonico
1701 3166 1800 3223 termi-

97 3258 214 3315 lueraut
237 3262 428 3330 opponentes.
446 3255 599 3322 Praterea,
615 3255 738 3311 advorsa
762 3272 840 3325 pars,
858 3271 921 3327 qua
973 3256 1072 3328 netis]
1087 3258 1336 3324 Contradiolores,
1350 3263 1406 3315 eto.
1422 3259 1536 3326 Testes,
1548 3263 1602 3314 ete.
1615 3257 1712 3314 Nullis
1724 3256 1800 3313 litte·

97 3363 148 3419 per
157 3344 449 3419 ialsisuggestionem
458 3344 657 3416 ipsiscausaru
666 3346 833 3399 obtinuerat
844 3342 921 3399 dele·
972 3344 1024 3414 ris,
1041 3353 1097 3401 eto.
1113 3347 1194 3410 Quod
1206 3347 1231 3402 si
1243 3364 1300 3403 nou
1313 3365 1428 3411 omnes,
1441 3353 1497 3404 eto.
1514 3349 1576 3404 Duo
1587 3352 1732 3412 vestrum,
1743 3351 1800 3403 ata.

96 3436 170 3509 gari,
195 3434 398 3492 fraudulenter
420 3435 576 3491 intendens
593 3449 644 3506 per
668 3439 757 3489 testes
782 3433 921 3504 reprobos
1008 3435 1116 3492 Datum
1146 3437 1293 3505 Romana,
1324 3439 1401 3510 apud
1426 3441 1567 3494 Sanctum
1590 3439 1721 3507 Petrum,
1749 3452 1801 3494 xau

93 3524 188 3598 ipsius
204 3524 382 3580 vicecomitis
394 3521 543 3594 jastitiam
560 3539 708 3593 enervare,
732 3522 787 3578 sub
812 3520 920 3577 t'rivolae
972 3524 1118 3583 Kalendas
1132 3527 1240 3598 Martii,
1256 3543 1333 3583 anno
1349 3527 1484 3597 septimo.

94 3613 303 3686 appellationis
319 3617 481 3686 pretextu,
498 3612 599 3668 iurtim
616 3613 651 3667 ad
666 3613 785 3669 eosdem
801 3617 830 3666 et
846 3628 919 3682 pra·
1297 3616 1464 3673 ccxxvflt.

93 3702 188 3761 dictos
213 3703 249 3758 de
273 3703 450 3771 ornamenta,
474 3702 510 3758 de
533 3701 632 3757 insula
654 3699 774 3767 Calveii,
798 3705 861 3756 oi...
884 3701 920 3756 da
1079 3745 1133 3762 .....
1157 3723 1305 3762 nornen-arr
1321 3724 1354 3761 aa
1369 3723 1478 3763 popano
1503 3721 1689 3763 anconitano.

95 3789 169 3848 atta
183 3791 297 3846 Corona
310 3790 442 3858 abbates,
455 3807 545 3863 super
557 3791 676 3847 terenda
686 3789 831 3846 sententia
841 3788 919 3845 litte·
1133 3796 1164 3852 tlt
1187 3798 1295 3851 intruso
1310 3799 1474 3867 arepentina
1496 3801 1633 3851 resistant.

94 3897 144 3936 ras
158 3879 336 3951 impetravit,
348 3883 410 3950 ipso
425 3880 604 3946 vicecomite,
616 3895 705 3952 super
715 3878 920 3951 prosequenda
1006 3883 1084 3940 licet
1099 3885 1232 3940 uelauds
1248 3886 1394 3941 memorias
1409 3884 1588 3953 llareuldue‚
1604 3886 1686 3941 dives
1704 3891 1733 3941 et
1744 3901 1796 3957 po-

95 3967 365 4043 appcliatiouesua‚
381 3969 566 4025 existentem
581 3968 730 4024 itincread
743 3969 919 4039 sedcmapo·
969 3976 1035 4029 tens
1058 3978 1174 4029 astutus
1194 3980 1223 4030 el
1245 3975 1350 4043 audax,
1375 3976 1466 4031 totius
1488 3975 1634 4031 obtineret
1658 3973 1795 4030 Marohia

91 4059 226 4117 stoliuam
241 4059 386 4116 veniendi.
401 4057 494 4127 Unde,
506 4075 573 4114 cum
587 4059 670 4114 trous
680 4058 917 4114 adversariorum
970 4062 1433 4134 principatum,vestamenetaiii
1449 4065 1609 4122 biarchian.
1616 4065 1795 4136 jugumejus

91 4165 214 4206 suorum
230 4147 273 4205 eis
284 4147 461 4220 patrocinari
477 4149 662 4217 madebant,
675 4165 728 4203 nec
743 4147 797 4218 ipsi
812 4147 917 4219 praju-
969 4151 1156 4224 importabile
1166 4161 1452 4226 cognoscentes‚nou
1464 4154 1795 4210 sinemultislaboribus

88 4239 201 4297 dicium
217 4256 367 4313 generare,
383 4255 511 4312 eumque
527 4239 768 4310 coneieijudttefl
784 4240 874 4309 ipsos,
886 4237 915 4292 iu
968 4250 997 4299 et
1011 4243 1148 4314 expensis
1174 4245 1333 4314 prudenter
1348 4252 1376 4300 et
1392 4251 1524 4314 potenter
1552 4244 1623 4300 illud
1638 4244 1673 4300 de
1689 4242 1795 4299 vestris

88 4348 190 4400 causa,
208 4337 274 4402 post
288 4329 515 4401 appellationem
532 4330 568 4385 ad
581 4346 634 4385 nos
645 4329 776 4401 legitime
791 4328 917 4400 interpo·
970 4333 1131 4390 corvicibus
1146 4335 1329 4398 excussistis,
1344 4335 1380 4389 ad
1397 4334 1529 4390 naturaie
1540 4333 1796 4406 apostolicaesedis

88 4421 187 4492 silam,
215 4421 465 4494 praeteriormam
492 4420 621 4475 mandati
645 4420 748 4485 nostri,
774 4400 1794 4495 tauquamDdonriuiumrevertentes.quaedeseverediacrepotest.

90 4511 245 4566 manilirste
260 4508 822 4582 suspectos,temercprocassisse‚idern
835 4510 912 4565 vice·
966 4516 1075 4585 lugam
1092 4529 1189 4568 meum
1205 4529 1296 4568 suave
1311 4520 1365 4576 est,
1382 4520 1603 4568 etoausmeum
1615 4512 1687 4569 leve.
1704 4514 1794 4569 Mira·

89 4616 188 4657 comes
212 4600 327 4671 petebat
343 4601 497 4669 instanter,
523 4603 566 4667 ut,
583 4605 716 4655 revocato
741 4601 770 4654 ia
795 4599 911 4657 irritum
967 4619 1035 4658 mur
1055 4618 1123 4673 ergo
1140 4618 1198 4656 nou
1227 4602 1375 4657 modicum
1391 4608 1419 4657 et
1445 4618 1606 4666 movemur,
1631 4603 1723 4674 quod,
1739 4601 1794 4659 etsi

89 4688 235 4760 quidquid
251 4693 318 4759 post
332 4686 557 4759 appellationem
568 4689 603 4743 ad
619 4704 671 4743 nos
683 4688 811 4761 legitime
822 4689 912 4744 iuter·
967 4690 1174 4746 constantesia
1190 4696 1289 4745 nostra
1306 4690 1631 4759 strictitatemanseritis,
1648 4691 1793 4761 negligen-

87 4779 226 4851 positam,
244 4777 518 4850 peripsosjudicee,
532 4776 672 4844 velalios,
687 4777 791 4849 iaejua
804 4778 912 4852 preju-
967 4785 1011 4837 tes
1027 4786 1126 4835 tamea
1147 4779 1288 4835 adversus
1304 4778 1424 4836 illorum
1446 4780 1609 4851 nequitiam
1626 4781 1793 4853 exstitistis,

122 4958 194 5030 (677)
209 4957 339 5013 Verbum
365 4956 421 5013 boo
434 4955 596 5013 Decretaies
617 4957 771 5022 omittunt,
788 4963 820 5015 ut
834 4959 913 5017 inira
967 4961 1113 5018 volucrunt
1136 4975 1188 5034 quo
1204 4975 1255 5030 pro
1271 4957 1319 5014 cut
1344 4957 1440 5014 babuit
1456 4975 1508 5031 pro
1524 4957 1654 5015 babuerit
1678 4957 1790 5030 legunt.

86 5029 177 5086 dictur
192 5034 221 5085 et
235 5031 298 5086 nob.
313 5031 368 5086 vir.
388 5030 472 5086 Gvid.
498 5031 535 5086 de
548 5029 573 5085 T.
588 5049 596 5100 ;
613 5047 679 5086 uros
702 5035 795 5103 utpote
810 5031 913 5106 legunt
1003 5034 1077 5104 (680)
1088 5033 1199 5088 Desunt
1221 5031 1281 5086 brec
1298 5036 1325 5085 ia
1343 5031 1485 5086 Decretat.
1502 5047 1566 5103 qua
1582 5048 1649 5087 mox
1663 5035 1794 5103 utrinque

89 5119 143 5175 pro
158 5107 199 5158 vl.
966 5107 1095 5177 partibus
1109 5106 1263 5159 occaecatis
1280 5120 1331 5174 pro
1343 5111 1399 5157 atr.
1412 5120 1440 5174 p.
1454 5122 1482 5157 c.
1498 5120 1522 5158 υ.
1535 5121 1563 5174 p.
1577 5120 1601 5159 c.
1616 5108 1643 5158 el
1654 5102 1682 5159 ei
1693 5101 1714 5158 ι’.
1729 5120 1752 5158 s.
1763 5119 1792 5175 p.

122 5174 194 5244 (678)
211 5178 321 5230 Desunt
336 5174 364 5229 iu
381 5173 536 5244 Decretat.,
552 5189 616 5246 quea
636 5174 713 5230 inira
727 5177 850 5232 existant
861 5193 913 5232 co·
966 5179 997 5234 d.
1013 5195 1039 5233 v.
1057 5179 1160 5249 tegunt
1175 5182 1204 5230 et
1218 5192 1251 5230 ex
1265 5172 1417 5245 praemiata
1431 5175 1523 5231 cauria·
1544 5192 1595 5247 pro
1610 5176 1748 5231 rational.

86 5247 164 5300 mitis
178 5248 324 5302 memorati
345 5246 448 5318 legunt
470 5263 521 5316 pro
538 5255 563 5301 et
578 5255 636 5311 pot.
653 5249 693 5315 ip.
721 5245 749 5301 G.
762 5264 829 5311 em:
846 5266 913 5306 mox
1002 5248 1076 5318 (681)
1099 5249 1210 5304 bearet.
1237 5248 1305 5302 add.
1330 5247 1432 5319 absque
1454 5247 1536 5316 calpa
1557 5245 1753 5315 contumacias,
1766 5249 1796 5302 ol

83 5321 179 5389 palent
200 5334 251 5388 pro
273 5325 409 5390 potuerat,
432 5320 459 5373 et
481 5319 719 5388 conjunctionem
744 5320 812 5377 add.
843 5326 912 5394 post
967 5321 1232 5391 mancipaberis.
1250 5318 1704 5387 onrittuntatverbacenr,eccl.

84 5404 140 5447 aar.
1003 5393 1077 5459 (682)
1094 5389 1237 5461 Decretat.
1251 5391 1319 5446 add.
1334 5406 1415 5446 suam
1430 5399 1458 5447 et
1473 5407 1540 5448 mox
1553 5408 1612 5449 em.
1628 5391 1795 5448 mundatum

119 5461 192 5533 (679)
210 5460 350 5517 Decretat.
367 5461 436 5518 add.
452 5477 459 5516 τ
474 5463 575 5533 quibas
597 5461 767 5518 eamirinter
782 5464 914 5530 ipsamet
965 5463 1122 5538 impleturi.

87 5549 291 5592 uxorcmrvam
302 5534 449 5590 commissa
457 5534 579 5605 lucrat);
592 5541 621 5590 et
630 5551 698 5591 mox
707 5535 849 5593 voluerint
859 5555 911 5611 pro
