3780 6000
105 258 155 311 ddi

572 247 773 307 rnnocsnru
791 244 830 303 ιιι
848 214 904 297 Ριζ
925 237 1160 296 nnousronnn
1178 238 1244 294 mn.
1266 238 1324 294 ιιι.

1759 234 1814 289 332

23 444 27 453 ,
104 389 205 442 verant
230 378 443 437 camararansts
472 377 617 445 Ecclesiae,
653 374 802 434 castellnm
845 368 935 442 ipsius
950 374 1137 455 Ampefpp,
1165 382 1280 457 queml,
1308 381 1478 455 mmmm,
1506 378 1720 436 inobepfflfiffl
1765 392 1812 433 η.

105 470 243 545 episcopi,
259 467 498 540 consanguineos,
513 467 654 535 homines,
670 473 697 522 et
711 465 819 522 amicos
833 459 933 531 ipsius,

62 588 65 593 ·
105 561 199 618 modis
213 559 315 632 quibus
332 558 421 630 potuit
437 557 626 628 impugnavit,
642 564 669 612 ct
685 562 741 611 tam
761 553 823 625 ipse
851 562 935 639 quam

103 650 229 706 lautores
244 650 298 716 sui,
315 652 420 704 terrem
438 646 574 704 Ecclesiae
595 643 808 702 Cameracensis
837 636 937 697 bostill

105 739 283 812 predatione
299 742 454 800 vastantes,
469 735 622 807 quamdam
645 740 754 806 partem
769 730 861 804 ipsius
875 742 935 785 nou

104 830 265 887 timuerunt
280 825 415 882 incendio
427 839 620 881 concremare.
632 828 678 892 tst,
690 821 756 878 licet
766 816 936 877 venerabilis

69 982 79 994 ,
105 919 191 976 irater
221 923 330 983 noster,
359 913 550 971 Praenestinus
577 913 743 986 episcopus,
772 906 935 982 apostolicae

105 1007 182 1064 sedis
198 1007 319 1076 lagatos,
334 1003 428 1059 eidem
453 1001 563 1074 comiti,
578 1010 641 1074 post
657 1017 766 1073 preces,
794 1013 865 1071 quus
892 993 934 1051 illl

104 1097 255 1166 direxerat,
270 1092 507 1167 auctoritateque
524 1092 662 1163 iungitur,
683 1090 824 1148 curaverit
837 1083 932 1143 distri·

105 1182 334 1252 etiusinbibere,
362 1198 399 1238 ne
427 1180 662 1239 cameracensem
693 1179 860 1246 Ecclesiam,
889 1175 934 1231 rel

105 1274 200 1348 ipsum
215 1274 396 1344 aliquatenus
408 1271 580 1340 molestaret,
595 1271 644 1328 scd
660 1285 725 1327 cum
740 1284 783 1335 eo,
799 1267 823 1323 si
838 1264 932 1333 uellet,

105 1363 283 1435 experiretur
306 1363 341 1418 du
366 1361 476 1431 justitia
504 1376 600 1416 corum
628 1361 701 1431 ipso,
731 1359 808 1414 idem
835 1360 933 1411 tamen

105 1466 212 1523 comes,
230 1450 315 1522 legati
329 1449 420 1506 nostri
435 1464 533 1519 preces
553 1456 580 1504 et
610 1446 812 1504 inhibitionem
841 1443 932 1501 obau-

104 1540 198 1609 diens,
215 1555 281 1596 cnm
298 1537 441 1610 praedictis
467 1535 625 1606 nobilibus,
654 1541 683 1593 et
710 1536 775 1592 aliis
803 1549 873 1608 qnos
901 1533 932 1587 in

990 483 1076 533 stratu
1092 476 1256 534 curabimus
1271 484 1385 532 auctore
1399 474 1532 539 Domino,
1554 471 1701 529 sereritnto
1715 469 1811 527 debite

990 569 1140 639 castigare.
1156 567 1250 624 Nullis
1265 566 1378 633 litteris,
1393 570 1447 623 cto.

1027 661 1127 715 Datum
1143 656 1339 722 Laternnsnsi,
1356 673 1383 712 nt
1398 657 1429 712 ld
1445 655 1560 728 Aprilis.

1024 748 1089 805 Illis
1102 750 1240 821 scriplum
1254 755 1294 804 est
1303 763 1385 817 super
1399 744 1458 802 boc.

1353 836 1443 893 XLVI

989 944 1123 984 usurasne
1138 942 1238 984 rnonn
1253 944 1287 984 ns
1302 942 1394 998 nisce,
1408 942 1542 982 senonico
1555 941 1698 982 russanum
1724 923 1810 996 (tto).

989 1017 1173 1075 Praebeudom
1183 1019 1237 1090 ipsi
1252 1018 1285 1073 cb
1295 1016 1499 1088 archiepiscopo
1511 1014 1811 1072 Eborccensr'oollolam

1166 1091 1334 1146 sonoritate
1347 1089 1495 1161 apostolica
1509 1089 1664 1159 confirmet.

1023 1176 1094 1233 Cum
1108 1178 1236 1235 Ecclesia
1251 1176 1414 1235 vuellensis
1443 1178 1472 1234 in
1499 1176 1695 1249 proventibus,
1725 1181 1754 1234 et
1781 1178 1812 1234 in

988 1264 1159 1323 clericorum
1176 1283 1296 1325 numero
1309 1267 1457 1339 penuriam
1477 1265 1610 1338 patiatur,
1640 1267 1813 1329 venerabilis

987 1354 1184 1414 fraternoster
1213 1356 1309 1414 Ganlr.
1345 1356 1537 1415 Eboracensis
1565 1356 1811 1430 archiepiscopus,

986 1447 1021 1502 ed
1050 1448 1240 1519 supplendum
1271 1448 1411 1504 delectum
1441 1448 1615 1520 hujusmodi,
1645 1456 1672 1505 ct
1700 1450 1812 1508 cultum

987 1537 1077 1594 divini
1093 1538 1218 1596 nominis
1231 1538 1441 1612 ampliandum,
1452 1555 1518 1596 cum
1535 1555 1678 1597 consensu
1693 1543 1814 1613 capituli

104 1628 229 1684 latorem
243 1642 301 1682 Stloe
314 1625 472 1698 iniquilatis
486 1631 645 1695 vocaverat,
662 1632 692 1681 ill
720 1620 932 1681 viderenturin
987 1629 1115 1700 ejusdem
1136 1630 1274 1699 enclesis),
1302 1631 1337 1687 de
1365 1631 1487 1702 quadam
1517 1647 1619 1703 magna
1660 1632 1814 1704 ppaebendg

106 1732 197 1775 unum
212 1715 379 1773 conuenisse
395 1715 538 1787 principes
554 1716 689 1771 adversus
711 1712 876 1779 bominum,
905 1717 931 1767 ⁰²
950 1718 1021 1810 Biu
1037 1721 1135 1777 eadem
1151 1720 1271 1779 ecclesis
1299 1728 1366 1777 tnnc
1396 1727 1523 1791 recente,
1557 1721 1628 1777 duas
1644 1722 1814 1794 praebendas

104 1807 239 1864 advertiis
254 1805 399 1861 Christum
415 1805 485 1876 ejus,
503 1804 550 1876 qtti
566 1811 724 1860 ιιθδῦιιιιιιιι·
740 1804 771 1861 in
784 1803 935 1860 sttavirtu·
989 1810 1126 1879 instituit,
1156 1810 1266 1867 duobus
1293 1810 1407 1867 clericis
1435 1810 1464 1866 in
1501 1818 1669 1882 perpetuum
1711 1815 1812 1872 consp.

113 1894 309 1962 teconlidere,
326 1894 404 1950 acin
423 1909 538 1949 suarum
568 1893 731 1950 divitiorum
761 1894 937 1952 abundantia
989 1899 1475 1972 rendae,quarumnnam,scilieet
1502 1899 1653 1957 ecclesiam
1681 1903 1718 1959 de
1747 1903 1812 1963 llu-

85 2016 89 2023 ,
112 1983 240 2057 gloriari,
252 1983 379 2040 dieentes
389 1999 396 2037 ε
408 1983 504 2039 Manes
513 1986 609 2038 nostro
619 1983 738 2053 melsa,
749 1987 838 2039 elnon
850 1984 934 2051 beer,
989 1988 1088 2045 scbsrn
1104 2003 1170 2045 curn
1185 1987 1365 2060 pertinentiis
1379 1987 1449 2057 suis,
1477 1987 1554 2044 idem
1579 1989 1812 2065 archiepiscopus

109 2073 572 2146 secitlsaecomnlollleut.mrr),
602 2080 705 2130 terrsrn
733 2072 848 2130 intrarit
875 2075 935 2146 epi·
990 2078 1040 2135 tibi
1056 2079 1210 2137 liber-aliter
1224 2076 1390 2149 assignarit,
1405 2093 1490 2148 quam
1506 2077 1654 2150 postulasti
1682 2081 1734 2139 tibi
1761 2100 1811 2154 per

111 2164 191 2237 scopi
205 2163 349 2231 antedicti,
367 2171 395 2220 et
410 2163 440 2220 in
468 2178 501 2219 ea
529 2161 696 2233 nequibam,
727 2179 811 2235 quum
841 2171 936 2222 mente
989 2171 1085 2226 sedem
1106 2167 1291 2243 apostolicam
1319 2167 1495 2225 confirmari.
1522 2167 1580 2225 Nos
1606 2170 1727 2242 ignitur,
1756 2176 1811 2233 tuis

111 2260 292 2325 conceperat,
307 2260 423 2310 nonest
439 2251 543 2309 ueritus
557 2267 698 2310 exercere.
716 2252 872 2325 Episcopus
887 2271 936 2309 sn·
986 2259 1072 2331 justis
1088 2255 1325 2330 postulationibus
1343 2263 1423 2327 grato
1451 2264 1655 2315 concurrentes
1682 2277 1811 2334 assensu,

112 2349 182 2412 tem,
195 2342 329 2414 quoniam
344 2340 477 2398 comitem
490 2342 583 2413 ipsum
600 2350 626 2397 et
640 2342 763 2397 lautores
778 2357 844 2398 suos
856 2342 936 2398 datos
990 2348 1175 2419 praebendam
1189 2346 1292 2418 ipsam,
1322 2346 1395 2402 sicut
1424 2360 1486 2401 eam
1510 2344 1587 2415 juste
1616 2350 1759 2421 possides,
1788 2359 1815 2410 et

112 2447 175 2489 esse
188 2432 259 2490 vidit
274 2431 304 2487 in
320 2429 475 2502 reprobum
490 2445 618 2498 sensum,
635 2437 666 2486 ut
681 2447 738 2487 non
751 2431 842 2487 solum
871 2430 935 2487 nol·
991 2437 1095 2509 quiete,
1125 2435 1292 2493 auctoritate
1317 2434 1372 2491 tibl
1397 2433 1554 2507 apostolica
1598 2436 1815 2509 coullrrnsmus,

112 2520 173 2579 lent
187 2518 335 2577 malefacta
351 2519 501 2591 corrigere,
516 2521 564 2576 sed
579 2519 617 2587 ei,
632 2524 661 2577 et
676 2526 757 2577 terre
772 2536 829 2577 sue
858 2522 936 2577 dete·
990 2534 1018 2583 ot
1032 2525 1179 2597 presentis
1193 2523 1292 2596 scripti
1305 2523 1464 2594 patrocinio
1487 2527 1710 2587 communimus
1740 2530 1818 2589 Nulli

112 2609 188 2667 riors
202 2609 379 2667 minarentur
394 2607 510 2677 inferre,
526 2608 556 2664 in
571 2625 619 2666 eos
629 2610 936 2668 excommnuicationis

114 2698 287 2757 seutentiam
303 2696 503 2770 promulgarit,
518 2697 578 2769 qul,
595 2714 648 2755 nec
663 2699 705 2756 sic
718 2716 735 2755 s
749 2714 800 2755 suu
829 2695 937 2755 malitia

112 2788 291 2858 desistentes,
305 2786 476 2845 sententlern
491 2785 714 2845 ecclesiasticam
728 2789 937 2861 parvipendunt

112 2878 184 2947 Quis
198 2877 287 2950 igitur
301 2876 536 2949 presumptiones
547 2877 710 2949 hujusmodi
721 2893 774 2935 uec
785 2878 935 2948 debemus,

112 2981 167 3024 nec
181 2965 313 3023 volumus
327 2963 523 3037 equanimiter
537 2966 687 3035 sustinere,
697 2966 876 3024 universitati
886 2982 935 3022 ve-

114 3063 180 3113 strae
197 3055 562 3129 praesentiumauctoritute
591 3056 768 3123 mandemus,
799 3056 933 3113 firmiter·

114 3160 169 3218 que
183 3143 376 3218 precipimus,
392 3146 533 3215 quatenns
548 3144 676 3201 eamdem
705 3145 935 3202 excommnnica-
950 3118 976 3184 G

112 3234 200 3292 donis
214 3233 397 3303 sententium,
411 3249 428 3288 s
443 3232 578 3304 proedicto
606 3234 738 3305 episcopo
766 3234 796 3291 in
822 3233 936 3292 maleta·

112 3332 206 3382 ctores
220 3337 288 3379 suos
303 3320 508 3379 rationabiliter
524 3323 741 3395 promulgatam,
757 3341 807 3397 per
823 3323 936 3381 unirer-

53 3468 56 3477 ,
112 3428 158 3469 ses
171 3420 279 3470 vestras
294 3412 430 3467 dioeceses
444 3410 631 3483 publicantes,
647 3411 757 3468 faciatis
772 3428 937 3484 percensu-

114 3517 174 3558 ram
189 3499 424 3569 ecclesiasticsm,
442 3499 554 3557 sublato
570 3499 723 3572 cujuslibet
736 3503 937 3559 contradictio·

115 3590 160 3648 nis
175 3598 202 3645 et
216 3589 417 3661 appellationis
432 3587 587 3657 obstaculo,
603 3604 692 3661 usque
705 3591 742 3646 sd
771 3591 938 3649 satisfactio·

115 3694 182 3736 nem
197 3678 341 3745 idoneam,
357 3676 559 3734 inviolabiliter
577 3678 730 3746 obsecrari,
747 3695 805 3736 non
820 3681 937 3737 obstan-

17 3816 19 3825 .
115 3774 153 3833 te,
179 3765 203 3822 si
231 3766 302 3822 torte
330 3766 444 3838 quidem
474 3781 572 3823 eorum
598 3766 668 3823 elias
696 3766 738 3823 illi
781 3784 840 3824 non
881 3769 939 3827 sint

114 3856 277 3912 dioecessna
292 3854 354 3925 lege
368 3853 498 3926 subjecti,
514 3869 580 3910 curn
602 3855 711 3912 ratione
726 3856 833 3924 delicti,
862 3861 937 3929 quod

113 3947 145 4003 ln
170 3947 259 4019 ipsius
287 3946 432 4003 diaecesim
462 3952 670 4016 perpetrarunt,
712 3947 937 4005 animadvertere

111 4034 234 4108 potuerit
262 4035 292 4091 in
320 4035 445 4092 eosdem.
482 4034 561 4102 Quod
590 4033 613 4090 si
642 4051 695 4092 nec
737 4036 812 4092 inira
854 4053 935 4094 meu·

111 4139 171 4181 sem
187 4138 285 4180 eorum
301 4123 402 4194 poterit
429 4121 533 4179 duritie
563 4123 696 4192 emolliri,
726 4129 758 4180 ut
787 4126 936 4183 redeuutes

111 4213 145 4269 sd
162 4212 321 4270 aeneidem
336 4211 470 4284 episcopo
498 4211 673 4269 satislsciant
700 4214 735 4270 de
763 4216 935 4288 commissis,

112 4309 314 4359 terrsseorum
341 4299 526 4372 subjicientes
550 4301 744 4361 ecclesiastico
772 4305 934 4376 interdicto,

109 4391 145 4447 ad
160 4406 360 4463 quemcunque
376 4389 469 4447 locnrn
486 4406 583 4449 comas
611 4392 673 4465 ipse
700 4393 857 4466 devenerit,
886 4395 934 4467 qui

989 2629 1067 2685 ergo,
1082 2621 1137 2671 etc.

1352 2700 1455 2758 xutttt

992 2835 1046 2851 .....
1057 2808 1230 2850 wastanensi
1245 2806 1688 2852 setscorosr...sncsr1csesrrs
1704 2813 1817 2855 esseut·

1262 2897 1358 2938 nensis
1373 2897 1541 2939 croecsseos.

994 2973 1032 3033 Ut
1046 2973 1193 3046 inquirant
1208 2973 1433 3043 coepiscopatus
1449 2972 1478 3026 in
1492 2972 1632 3032 Ecclerir's
1666 2977 1815 3037 aibssdam

1098 3043 1198 3103 Graecia
1213 3045 1294 3116 reperi
1307 3041 1434 3114 Unporr‘ae
1448 3045 1486 3098 rit
1501 2993 1662 3105 instituens?
1693 3093 1700 3106 .

1169 3131 1321 3207 (latereni,
1336 3147 1383 3186 xer
1400 3130 1458 3187 llal.
1477 3132 1564 3202 listi.)

1026 3223 1205 3297 Significavit
1221 3221 1305 3279 nobis
1325 3220 1509 3278 charissimus
1538 3223 1568 3281 in
1596 3226 1708 3286 Cbristo
1738 3229 1814 3287 lilius

992 3324 1135 3375 nostes...
1152 3330 1199 3370 rex
1217 3312 1394 3383 Ungarorum
1421 3310 1551 3383 illustris,
1582 3318 1657 3388 qnod
1686 3321 1814 3389 quedam

992 3405 1119 3462 ecclesie
1150 3401 1354 3459 monachorum
1384 3403 1546 3459 Graecorum
1573 3421 1660 3476 regno
1684 3411 1815 3480 Ungsrias

992 3490 1816 3571 constituteperincnrismdioecesanoromepiscoporum,

992 3590 1019 3641 et
1034 3601 1083 3656 per
1097 3585 1174 3656 ipsos
1188 3583 1314 3650 Graecos,
1329 3580 1378 3649 qui
1394 3580 1475 3638 relde
1496 3591 1573 3654 sunt,
1602 3586 1676 3644 sieut
1703 3590 1815 3657 asserit,

993 3673 1135 3743 dissoluti,
1152 3674 1266 3747 penitus
1280 3671 1475 3739 destruuntur,
1497 3690 1513 3728 a
1541 3675 1625 3732 nobis
1652 3679 1817 3749 supplicans

994 3761 1139 3819 humiliter
1154 3769 1180 3819 et
1195 3761 1304 3827 devote,
1322 3764 1350 3814 ut
1364 3759 1529 3818 auctoritate
1545 3772 1640 3821 nostra
1651 3780 1726 3823 unus
1738 3767 1817 3824 lieret

992 3849 1173 3923 episcopatus
1188 3866 1222 3907 ex
1242 3849 1322 3919 ipsis,
1352 3847 1400 3917 (ιιι
1429 3849 1521 3920 nobis,
1551 3853 1630 3910 nullo
1658 3855 1814 3926 mediante,

992 3938 1130 4008 subesset,
1145 3940 1189 3997 vel
1204 3937 1330 4003 abbates,
1345 3940 1396 3992 sut
1418 3943 1561 4011 prepositi
1589 3945 1680 4001 Latini
1708 3948 1814 4004 consti·

991 4033 1139 4087 tuereutnr
1154 4030 1184 4086 in
1200 4030 1268 4097 illis,
1284 4045 1460 4102 perquoruru
1471 4031 1814 4107 studiumetdiligeutiam

990 4121 1156 4183 earumdem
1172 4119 1357 4177 ecclesiarum
1372 4128 1461 4176 status
1469 4127 1565 4191 posset
1579 4121 1609 4178 in
1638 4123 1741 4181 melius
1769 4141 1815 4181 re·

991 4209 1117 4270 formari.
1134 4206 1194 4266 Nos
1209 4209 1305 4279 igitur,
1321 4210 1450 4281 ejusdam
1467 4210 1541 4281 regis
1555 4211 1740 4282 petitionibus
1769 4214 1814 4270 in·

990 4299 1101 4364 clinati,
1130 4295 1295 4353 discretioni
1325 4305 1422 4355 restrae
1451 4313 1500 4368 per
1527 4300 1682 4370 apostoliea
1710 4304 1814 4375 scripte

990 4388 1171 4454 mandamns,
1188 4393 1338 4457 quatenns,
1360 4387 1395 4443 ad
1410 4385 1560 4458 praedictas
1573 4389 1708 4447 ecclesias
1735 4407 1815 4450 acce·

109 4480 255 4553 predictae
269 4479 384 4536 malitie
401 4478 569 4552 principalis
584 4488 626 4539 est
640 4489 729 4549 actor,
744 4499 778 4541 eo
794 4493 932 4556 prasente
948 4487 975 4552 Β
992 4478 1106 4547 dentes,
1122 4474 1284 4546 iniquirstis
1299 4474 1467 4546 diligentins
1481 4475 1639 4549 veritatem,
1656 4485 1749 4536 utrum
1764 4496 1815 4552 per

108 4567 205 4626 diviua
220 4568 395 4641 prohibeatis
409 4567 505 4626 olllois
526 4568 675 4641 celebrari,
704 4577 736 4628 ut
761 4573 802 4630 sic
831 4574 933 4632 seltern
988 4570 1066 4642 ipsos
1081 4565 1239 4622 monsebcs
1252 4568 1365 4623 Grecos
1380 4567 1478 4624 eadem
1494 4569 1666 4625 monasteria
1689 4569 1721 4626 in
1750 4569 1815 4627 reli·

108 4655 171 4729 elus
185 4656 337 4727 impleatur
351 4655 440 4713 iacies
452 4656 620 4729 ignominia,
636 4668 664 4716 et
684 4676 790 4718 nomen
816 4660 932 4721 Domini
986 4652 1418 4731 gionisobservsntlacalleant
1448 4656 1607 4713 reformari.
1638 4673 1711 4715 nnus
1739 4657 1813 4717 fierit

108 4751 225 4817 querat,
241 4759 305 4801 cnm
321 4743 347 4800 ei
366 4745 478 4801 vexatio
506 4747 658 4816 praebuerit
687 4749 874 4808 intellectum.
903 4750 934 4807 st
987 4742 1112 4819 potnerit
1126 4741 1306 4814 episcopatus
1321 4758 1356 4799 ex
1367 4741 1437 4810 illis,
1448 4744 1495 4816 qni
1506 4743 1590 4801 uobis
1602 4744 1813 4807 sitimmediate

109 4833 349 4905 rero,quodnon
369 4832 522 4904 credimus,
554 4850 602 4893 ros
629 4836 660 4892 in
687 4839 814 4896 mandati
843 4839 930 4896 nostri
986 4833 1183 4905 subjecisset
1202 4831 1277 4902 quod
1305 4847 1391 4904 super
1420 4832 1455 4889 lis
1484 4833 1660 4904 inveneritis,
1690 4836 1812 4896 fideliter

109 4923 292 4981 exsecutione
321 4923 498 4995 negligentes
530 4928 629 4984 essetis
656 4927 846 5003 aliquatenus,
888 4930 932 4988 rel

109 5010 233 5085 remissi,
248 5011 460 5070 venerabilibus
488 5013 627 5073 iratribus
655 5018 805 5075 nostris...
826 5019 931 5076 Novio·

108 5102 202 5163 mensi
216 5110 253 5160 et.
271 5145 289 5159 ..
308 5102 517 5161 silvanectensi
535 5105 688 5177 episeopis,
703 5107 805 5165 damus
828 5108 932 5165 nostris

109 5191 256 5249 litterisiu
272 5191 431 5264 preceptis,
462 5199 490 5247 nt
519 5192 572 5264 ipsi
597 5197 763 5252 mandatum
791 5204 931 5267 nostrum,

107 5277 220 5335 sublato
235 5278 392 5350 cujuslibet
416 5280 649 5338 contradictionis
677 5291 704 5339 et
731 5285 932 5356 appellationis

108 5366 270 5438 obstaculo,
283 5376 483 5440 exsequantur,
504 5377 542 5437 et,
558 5385 623 5428 curu
649 5372 685 5428 sd
716 5389 767 5429 nas
792 5374 827 5430 da
853 5373 932 5432 robis

986 4920 1211 4989 conscribentes,
1226 4919 1279 4976 sub
1294 4920 1456 4979 testimonio
1471 4922 1632 4995 sigillorum
1651 4930 1812 4987 vestrorunt

985 5013 1021 5068 ad
1036 5017 1161 5067 nostram
1177 5008 1358 5080 presentiam
1373 5011 1532 5084 destinetis,
1549 5020 1590 5080 ut,
1615 5029 1664 5085 per
1692 5016 1811 5089 inquisi-

987 5101 1093 5158 tionem
1110 5104 1228 5155 restram
1243 5097 1387 5170 instructi,
1403 5100 1532 5157 securius
1543 5101 1573 5158 in
1585 5104 1685 5160 eodem
1697 5107 1812 5177 negotio

987 5190 1140 5262 procedere
1156 5187 1306 5244 valeamus.
1331 5190 1447 5247 interim
1463 5200 1571 5260 antem,
1601 5193 1637 5249 ad
1660 5197 1814 5255 correctio·

987 5296 1053 5337 nem
1069 5294 1166 5335 eorunr
1183 5278 1355 5347 impendatis
1370 5296 1486 5350 operatu
1501 5280 1657 5341 ellicacem.

1025 5369 1124 5425 batum
1141 5366 1280 5435 leterani,
1295 5377 1342 5423 xor
1358 5368 1498 5427 llulendss
1511 5372 1587 5428 ltail.

146 5571 221 5645 (tte)
236 5572 283 5628 Sic
296 5569 327 5626 iu
346 5571 509 5643 apographo
526 5573 608 5632 t'onti
632 5567 809 5649 ;lcgendum
831 5578 928 5639 lotssn
946 5575 1083 5637 Weltenrr'.
