3780 6000
61 266 131 322 1537
557 270 1263 340 sonrrsrcsrossrvnoxr,css1sr1roos.
1695 272 1764 331 ress
1849 246 1856 259 “

57 391 195 459 efl'eetus3
211 391 282 463 quia
296 395 366 448 tunc
382 391 482 449 vinces
492 393 592 466 procul
605 393 693 452 dubio
704 410 772 450 cum
783 393 880 449 vince·
894 395 923 461 Α
937 395 1084 452 curaveris
1109 413 1210 453 verum
1231 396 1318 454 etiam
1334 412 1387 454 nec
1407 412 1504 453 corum
1526 395 1679 468 judicibus
1703 396 1762 453 iltis

59 482 111 549 ris,
127 496 180 536 nec
194 481 230 536 ab
244 481 372 550 homine,
388 483 468 538 seda
485 487 551 551 tteo,
568 500 654 555 aquo
664 482 828 556 gloriosum
839 486 885 539 est
938 485 1047 556 quibus
1062 485 1212 558 negotium
1229 485 1325 560 ipsum
1341 485 1545 558 dignoscimur
1560 483 1670 557 pluries
1685 503 1763 543 com·

59 570 172 626 homiui
189 571 276 639 vinei,
296 575 328 626 ut
343 587 460 644 semper
474 573 523 628 det
537 572 626 629 homo
646 573 703 630 Deo
718 571 842 645 gloriam
856 577 886 629 et
938 573 1029 630 misse
1044 574 1172 631 volueris
1184 573 1334 646 justitiam
1345 574 1494 644 exhibere,
1508 574 1559 646 qui
1572 591 1627 631 uon
1645 578 1760 631 tantum

56 658 209 715 honorem.
222 658 303 714 Unde
315 665 438 717 nemete
454 677 530 717 vana
549 661 736 734 suggestione
751 661 885 730 seducat,
937 679 1040 719 cavare
1054 663 1198 721 debueras
1215 680 1283 720 nea
1303 669 1331 720 te
1347 663 1523 735 injuriarum
1539 662 1614 720 actio
1629 680 1763 719 noscero·

56 747 133 819 quod
150 747 207 803 nisi
222 751 253 803 tu
270 748 394 804 cesseris
410 749 570 817 nubianos
585 751 615 806 in
632 749 884 822 baecpugnaquo·
938 755 997 821 tur,
1013 754 1064 810 sed
1080 751 1168 810 etism
1184 753 1321 809 cohibere
1341 751 1486 826 quoslibet
1499 757 1556 808 tus
1571 752 1675 809 ditioni
1692 753 1764 809 sub·

55 836 101 892 vis
117 835 169 891 tibi
187 838 273 893 medo
294 837 447 907 cedemus,
463 838 514 910 qui
530 838 646 896 facilius
667 854 821 912 possemus
837 853 883 894 oe·
934 843 1029 913 Jectos
1044 858 1079 897 no
1095 841 1234 914 injuriam
1247 841 1386 913 culquam
1399 841 1536 907 iacerent,
1552 857 1618 897 curu
1629 841 1665 897 ab
1677 840 1764 897 molc-

58 926 116 982 cidi
133 941 222 997 quam
238 926 325 982 vinei.
939 929 1383 998 factorumvindiotnm,laudem
1398 947 1465 988 vero
1478 931 1621 986 benorum
1632 929 1762 1001 gladium

95 1014 202 1071 Datum
225 1015 371 1081 Laterani,
391 1033 409 1071 x
430 1015 491 1072 lfal.
511 1016 671 1088 Februarii,
694 1016 885 1092 pontificatus
939 1019 1413 1093 susceperIsbajulandum.Certs
1428 1019 1595 1076 conminus
1610 1016 1763 1076 serenitati

58 1104 152 1160 nestri
169 1120 245 1160 anno
263 1102 429 1162 undecimo.
939 1110 1024 1183 regie
1042 1125 1130 1181 quam
1147 1109 1202 1181 ipsi
1219 1109 1338 1183 regina,
1352 1109 1411 1166 imo
1426 1107 1513 1181 longe
1528 1106 1657 1180 amplius
1676 1125 1763 1182 expe·

407 1193 535 1252 ccxxll.
939 1200 1031 1256 dlaset
1043 1198 1153 1256 nostris
1169 1214 1258 1271 super
1268 1198 1323 1254 hec
1333 1198 1515 1270 acquievisse
1527 1196 1647 1254 monitis
1657 1201 1685 1252 et
1696 1212 1764 1254 con·

138 1299 262 1339 cisiano
279 1299 420 1339 accesere
441 1301 581 1340 cassasse
594 1301 804 1342 rsssausssro.
939 1288 1027 1358 siliis,
1042 1305 1094 1361 per
1114 1305 1177 1359 oue
1196 1287 1325 1345 divinam
1342 1286 1454 1359 placare
1471 1291 1608 1357 potueras
1628 1286 1764 1358 majesta·

135 1374 292 1447 Suscipitur
306 1373 355 1430 sub
369 1373 541 1444 protectione
554 1375 626 1430 sedis
640 1373 813 1448 apostolice.
940 1381 1011 1444 tem,
1024 1395 1113 1451 quam
1129 1383 1248 1451 propior
1258 1376 1398 1449 injuriam
1409 1375 1571 1447 sepedIetas
1584 1374 1690 1447 regine
1700 1375 1765 1430 illa·

253 1464 394 1534 (Sorn,v1
410 1462 470 1518 Kal.
487 1463 690 1537 Septembris.)
940 1472 1000 1523 tam
1011 1466 1117 1524 videris
1136 1465 1261 1540 graviter
1270 1465 1438 1533 offendisse,
1451 1481 1484 1520 ac
1501 1463 1588 1519 etiam
1599 1462 1716 1519 laudem
1734 1461 1764 1518 in
1830 1454 1835 1467 '
1856 1458 1863 1477 ¹

97 1552 169 1608 Cum
186 1569 202 1606 a
227 1553 311 1608 nobis
327 1552 447 1625 petitur,
469 1558 537 1621 etc,
553 1570 640 1626 usqne
658 1552 805 1609 ellectum.
830 1552 886 1608 Ea·
940 1560 1098 1628 conspectu
1114 1554 1268 1611 hominum
1286 1554 1446 1628 promereri
1459 1569 1466 1622 ;
1477 1551 1557 1624 quia,
1574 1551 1628 1608 etsi
1640 1552 1665 1608 ei
1676 1568 1767 1625 super

62 1646 190 1713 propter,
207 1640 311 1696 dilecte
322 1642 350 1696 in
368 1641 490 1698 Domino
502 1642 554 1714 fili,
573 1641 631 1698 luis
647 1641 739 1714 justis
753 1641 886 1715 postula·
941 1645 1056 1701 damnis
1071 1649 1149 1701 esset
1164 1661 1261 1700 rerum
1276 1641 1482 1716 temporalium
1498 1641 1693 1708 satisfactum,
1711 1640 1766 1697 tibi

60 1730 885 1804 tioniobusgratcconourrentesasseosupersonamluam
901 1767 925 1832 B
941 1735 1083 1791 damnum
1100 1732 1272 1790 innocentia
1287 1730 1472 1800 resarcisses,
1486 1731 1563 1802 qarod
1578 1747 1636 1787 non
1651 1735 1695 1786 est
1711 1730 1764 1785 du·

61 1837 128 1875 cum
145 1819 284 1876 omnibus
300 1819 385 1876 bonis
401 1824 461 1876 tam
477 1820 786 1894 ecclesiasIIoisquam
803 1838 887 1876 mun·
938 1823 1021 1879 bium
1037 1840 1102 1880 esse
1118 1824 1225 1895 majus.
1237 1821 1446 1878 Verumtamen
1462 1820 1488 1876 si
1504 1825 1533 1876 ts
1549 1820 1647 1876 forsan
1663 1818 1763 1876 existi·

60 1908 158 1975 denis,
174 1914 241 1980 ete,
257 1910 730 1983 aequeprotectionesuscipimus.
747 1908 885 1982 SpecIali·
939 1929 1002 1969 mes
1016 1912 1111 1969 eidem
1129 1913 1158 1968 in
1174 1911 1274 1985 aliquo
1290 1929 1348 1968 non
1365 1908 1468 1978 teneri,
1488 1925 1583 1966 coram
1601 1908 1696 1977 noble,
1713 1907 1763 1981 qui

60 2003 106 2053 ter
120 2001 220 2054 autem
243 1998 459 2054 thesaurariam
475 1998 610 2056 Ecclesia
625 1999 784 2066 Thebanae,
807 1998 885 2055 sicut
939 2018 1094 2074 personam
1105 2000 1235 2058 hominis
1245 1999 1391 2073 injudicio
1402 2015 1461 2056 non
1472 1998 1644 2071 accipimus,
1656 1999 1705 2055 sed
1714 1998 1764 2070 jn·

61 2103 125 2142 eam
138 2087 222 2158 juste
239 2087 372 2159 possides
387 2092 415 2144 et
429 2088 535 2160 quiete,
552 2088 697 2144 devotioni
712 2091 770 2144 tuae
785 2092 888 2143 aucto·
939 2095 1018 2146 stum
1029 2089 1042 2162 j
1048 2089 1189 2159 udieium,
1206 2093 1291 2161 prout
1305 2089 1354 2145 ille
1370 2088 1455 2145 nobis
1466 2087 1609 2158 inspirare
1624 2087 1765 2160 dignetur

62 2175 148 2232 ritate
164 2176 324 2249 apostolica
338 2177 549 2234 confirmamus
563 2183 592 2234 et
616 2176 769 2250 presentis
784 2175 885 2248 scrIpti
939 2178 990 2252 qui
1005 2195 1091 2235 omne
1104 2177 1248 2250 judicium
1263 2178 1344 2234 dedit
1358 2176 1441 2244 outo,
1453 2175 1636 2248 judicamus,
1658 2174 1763 2233 saltem

61 2266 224 2338 patronicio
240 2267 470 2323 communimus.
488 2266 564 2324 Nulli
577 2284 647 2340 ergo
657 2267 777 2324 omuino
789 2264 886 2322 bomi·
940 2268 997 2340 ipsi
1013 2269 1157 2324 debueras
1168 2267 1316 2339 justitiam
1331 2266 1478 2341 exhibere,
1496 2281 1529 2321 ac
1545 2264 1655 2322 nouuti
1665 2270 1765 2338 polen-

62 2371 132 2410 num
156 2354 242 2410 liceat
262 2355 338 2411 hanc
359 2356 497 2428 paginam
524 2361 630 2412 nostra
654 2356 844 2428 protectionis
859 2357 888 2410 et
940 2358 986 2413 tire
1001 2356 1204 2430 magnitudine
1226 2355 1435 2426 contrabium,
1453 2354 1642 2426 salsusquod
1659 2358 1765 2427 poteo·

62 2443 296 2500 confirmationis
311 2444 486 2516 iufringere,
502 2450 570 2513 etc,
585 2460 671 2517 usque
686 2445 887 2501 incursurum.
940 2447 997 2503 tior
1011 2452 1054 2502 est
1070 2451 1099 2502 te
1114 2445 1164 2501 ille
1179 2444 1229 2517 qui
1246 2443 1315 2501 facit
1330 2443 1562 2501 misericordiam
1579 2448 1608 2500 et
1620 2443 1767 2515 judicium

103 2537 207 2589 Datum
234 2533 323 2602 Sorir,
349 2549 378 2589 vr
405 2533 469 2590 Ifal.
492 2533 668 2606 SptambrIs,
698 2534 889 2606 pontificatus
941 2531 1767 2606 omnibusinjuriampntientibusetinregnohominurn

63 2621 157 2679 nostri
174 2637 251 2678 nnnc
267 2621 436 2678 undecimo.
941 2623 1117 2680 dominatur.
1133 2624 1169 2678 At
1181 2626 1211 2678 tu
1229 2621 1598 2694 haecproutccnvenitnon
1610 2621 1766 2678 attendens

405 2711 546 2768 CCXXIII.
942 2729 994 2769 nec
1010 2712 1177 2769 satisfacere
1202 2709 1243 2766 illi
1261 2726 1313 2767 uec
1328 2709 1428 2766 subire
1451 2726 1540 2782 super
1556 2710 1764 2782 predictisju·

219 2818 318 2858 aornar
334 2818 399 2858 asor
418 2818 575 2859 sncceaurn
591 2818 732 2858 rccusasr.
941 2802 1051 2858 dicium
1063 2797 1766 2870 cumeodemboclenusvoluistirCumenimpost

168 2891 201 2949 tn
219 2891 290 2948 bono
304 2895 337 2963 B,
355 2892 514 2963 Aoplorum
528 2893 632 2965 recinas
647 2891 786 2948 restituat.
942 2896 1007 2948 octo
1021 2907 1114 2947 annos
1129 2891 1256 2963 elapsos,
1268 2905 1318 2961 per
1331 2903 1403 2961 quos
1420 2887 1503 2961 regia
1517 2886 1668 2943 serenitati
1679 2886 1764 2941 dctu-

233 2981 391 3052 (Laternoi,
405 2999 445 3038 xn
467 2981 531 3039 Ifnl.
548 2981 719 3049 Februarii).
942 2975 1552 3048 limus‚nelentesulteriusdoferrehomini
1564 2975 1764 3033 contrailoum

98 3073 246 3136 Quantum
258 3070 427 3126 celsitudini
439 3072 525 3143 regis
539 3072 568 3127 iu
580 3073 697 3145 negotio
708 3069 889 3127 charissimes
943 3070 992 3143 qui
1008 3069 1124 3126 viduam
1140 3086 1209 3126 voce
1220 3068 1390 3142 prophetica
1399 3065 1529 3139 precipit
1543 3065 1700 3135 defensari,
1712 3063 1765 3121 tibi

63 3160 94 3215 in
108 3159 296 3216 Christofilia
308 3160 501 3233 berengaria,
512 3162 662 3232 quondam
674 3159 834 3231 Anglorum
846 3175 888 3214 re·
903 3132 925 3200 c
942 3158 1111 3216 dederimus
1127 3159 1155 3214 in
1168 3157 1315 3214 mendatis
1324 3166 1356 3213 ut
1365 3172 1455 3228 usque
1464 3154 1498 3211 ad
1511 3154 1617 3211 festum
1625 3152 1766 3211 Natiuita-

64 3249 138 3324 gina
149 3248 286 3315 illustris,
297 3248 441 3305 hactenus
451 3249 772 3321 detulerimus(139),si
784 3248 890 3305 melius
943 3249 981 3305 tis
995 3247 1086 3304 beata
1101 3247 1197 3304 Maria
1218 3245 1348 3318 proximo
1363 3243 1541 3318 preteritum
1558 3260 1608 3314 per
1624 3258 1763 3316 procuro·

64 3337 239 3407 notavisses,
256 3337 378 3394 forsitan
393 3342 421 3394 et
437 3342 468 3394 tu
485 3338 649 3409 nobis,imc
662 3337 784 3410 eicujus
798 3337 890 3393 vicem
944 3347 1034 3395 torem
1050 3336 1187 3393 idoneum
1202 3341 1230 3391 te
1252 3339 1351 3391 nostro
1366 3333 1535 3407 conspectui
1561 3334 1765 3405 praecatores,

64 3428 134 3484 licet
149 3427 300 3492 Immeriti,
316 3426 459 3499 gerimus,
476 3428 613 3500 adquam
626 3429 816 3485 ascendente
829 3444 891 3482 ma·
943 3426 1129 3484 exhibiturus
1148 3425 1293 3498 saepefatae
1308 3423 1414 3497 reginae
1431 3421 1473 3479 vel
1489 3420 1670 3496 procuratori
1684 3420 1764 3493 ejus·

64 3515 136 3574 xilla
159 3517 371 3574 descendentes
396 3516 432 3572 ab
455 3515 540 3572 oculo
566 3516 699 3590 lacryma
724 3516 890 3585 viduarum,
943 3518 1009 3574 dom
1026 3533 1115 3590 super
1128 3515 1286 3590 prontissis
1303 3519 1331 3571 et
1345 3513 1423 3586 aliis,
1436 3513 1461 3571 si
1473 3529 1531 3586 qun
1542 3511 1765 3569 fertcsdversus

66 3624 139 3678 quas
162 3606 250 3663 etiam
269 3606 417 3677 exaudire,
432 3621 500 3662 cum
516 3606 552 3662 ed
568 3622 635 3662 eom
659 3605 891 3673 vociferaverint,
943 3613 971 3663 te
983 3608 1102 3664 duceret
1113 3604 1617 3679 proponenda,quodordoposceret
1628 3598 1762 3656 rationis.

68 3712 100 3752 ss
115 3695 289 3752 attissimus
306 3693 469 3766 pollicetur,
486 3711 621 3752 curasses
636 3695 667 3751 ln
681 3694 737 3752 hac
748 3699 830 3767 parte
844 3696 891 3750 de·
943 3700 974 3752 tu
991 3696 1020 3752 id
1044 3696 1158 3752 efflcece
1175 3695 1290 3767 penitus
1314 3690 1529 3765 contempsisti,
1553 3690 1620 3747 licet
1639 3687 1765 3746 dilectus

68 3784 155 3851 ferre,
178 3801 211 3840 ac
225 3785 342 3840 tandem
365 3783 485 3841 vincens
509 3784 668 3841 salubriter
690 3784 891 3857 temetipsum,
944 3786 1023 3842 filius
1038 3784 1117 3858 prior
1139 3782 1353 3855 Wigorniensis
1369 3782 1405 3837 de
1432 3781 1570 3837 mandate
1591 3777 1766 3836 venerabilis

64 3890 166 3948 preces
186 3877 214 3930 el
227 3873 340 3930 monita
355 3878 457 3930 nostra
470 3873 523 3930 tibi
539 3891 628 3947 super
642 3873 697 3930 lroc
710 3874 776 3946 plus
800 3889 891 3946 quam
944 3876 1042 3931 fratris
1060 3873 1150 3931 nostri
1164 3871 1380 3945 Wigoruiensis
1404 3869 1542 3944 episcopi,
1559 3868 1696 3926 exhibitis
1711 3865 1765 3923 tibi

63 3964 156 4021 celles
171 3963 312 4036 replicata
326 3963 442 4020 effectui
456 3963 666 4036 mancipasses,
682 3979 735 4019 nec
746 3962 891 4037 coegisses
945 3964 1050 4021 litteris
1066 3963 1184 4029 nostris,
1195 3960 1517 4036 prefatumtsrminum
1533 3975 1567 4016 ex
1577 3963 1660 4031 parte
1670 3962 1772 4013 uestra

64 4053 215 4126 praefatam
242 4051 374 4125 reginam
391 4051 478 4108 toties
491 4051 608 4125 fatigari
632 4052 784 4109 laboribus
800 4056 830 4109 et
843 4069 891 4108 ex·
944 4059 1001 4111 tua
1019 4052 1216 4127 magnitudini
1231 4046 1774 4125 peremptoriumassignaritsirutro·

64 4143 175 4216 pensis,
192 4159 280 4214 quam
296 4159 330 4198 ex
352 4142 528 4198 strenuitate
544 4139 646 4214 regali,
668 4141 753 4198 nobis
768 4157 826 4197 non
842 4157 892 4197 ex·
946 4141 1092 4201 nerebiles
1122 4141 1335 4198 fratresnostci
1362 4139 1527 4196 Elisusiset
1543 4136 1682 4209 prefatus
1711 4133 1770 4189 tvi·

64 4232 263 4300 hortantibus,
275 4230 420 4288 honorare
436 4231 582 4288 debueras
598 4230 670 4286 stab
687 4228 754 4286 aliis
767 4245 819 4302 pro
827 4229 893 4286 viri·
946 4230 1113 4306 gorniensis
1125 4230 1266 4304 episcopi,
1292 4229 1401 4302 quibus
1424 4242 1513 4295 super
1539 4224 1594 4281 boc
1609 4223 1770 4280 direximus
1823 4305 1825 4308 Ι

64 4324 120 4380 bus
144 4323 308 4391 defensare,
326 4321 511 4380 considerato
536 4320 690 4395 perspicue
710 4323 785 4392 quod
803 4322 831 4377 id
856 4321 893 4378 ad
946 4321 1056 4394 scripta
1070 4326 1182 4387 nostra,
1198 4335 1249 4391 per
1263 4335 1333 4375 suas
1346 4317 1431 4374 nobis
1445 4314 1559 4371 litteras
1574 4313 1769 4380 intimarunt;

63 4417 149 4469 tuum
165 4411 307 4469 honorem
332 4412 449 4469 cederet
463 4416 492 4468 st
507 4410 643 4467 salutem.
669 4410 741 4466 Ecce
751 4414 812 4481 jam
829 4414 893 4467 octo
947 4416 1136 4484 procuratore
1149 4409 1244 4482 ipsius
1256 4411 1361 4480 reginas
1376 4407 1411 4462 ad
1423 4404 1595 4478 pradictum
1609 4400 1769 4458 terminum

64 4501 151 4555 annis
175 4505 204 4557 et
228 4499 357 4573 nmpIIus
382 4501 459 4573 apud
486 4506 514 4555 te
537 4502 657 4573 prepter
680 4498 734 4555 bec
756 4499 930 4572 precibusD
946 4502 982 4558 ad
998 4500 1099 4558 sedem
1119 4497 1308 4572 apostolicam
1323 4495 1491 4564 accedente,
1515 4508 1549 4550 ae
1575 4507 1626 4565 per
1645 4492 1773 4563 quatuor

64 4595 93 4644 et
108 4589 321 4644 monitionibus
342 4588 512 4644 insistentes
528 4587 762 4661 exspectavimus
777 4589 891 4661 patien·
947 4607 1062 4649 menses
1077 4593 1106 4646 et
1121 4587 1248 4660 amplius
1263 4588 1461 4659 exspectante.
1479 4582 1552 4649 Quia
1567 4580 1659 4654 igitur
1670 4587 1773 4637 contra

65 4681 110 4732 ter
133 4676 157 4733 si
174 4693 232 4749 quo
250 4676 336 4732 medo
361 4680 418 4731 tuae
433 4676 522 4732 saluti
537 4678 696 4734 consulens
720 4683 750 4734 et
775 4677 892 4749 honeri,
947 4680 1072 4738 salutem
1086 4687 1218 4736 nostram
1233 4680 1262 4733 ct
1276 4681 1358 4732 tunm
1375 4674 1428 4730 tibi
1444 4672 1557 4729 deferre
1570 4669 1696 4727 ulterius
1719 4685 1772 4725 noc

65 4765 160 4822 eidem
178 4764 285 4837 regina
301 4780 391 4836 super
402 4763 533 4820 dotalitIc
550 4781 615 4836 suo,
627 4765 782 4824 medietate
798 4767 892 4825 mebi·
947 4765 1488 4828 velumusnecdebemusserenitatem
1497 4760 1608 4835 regiam
1616 4775 1684 4816 mon
1694 4775 1773 4815 ⁴>runs

65 4855 139 4910 lium
156 4853 271 4926 inclyte
289 4851 500 4909 recordationis
512 4855 589 4925 regis
604 4853 721 4911 Ricardi
731 4855 893 4927 fratristui,
947 4864 975 4916 et
990 4860 1181 4916 exhortamur
1195 4855 1348 4922 attentius,
1365 4853 1395 4910 in
1409 4851 1518 4910 virtuts
1533 4849 1661 4922 Spiritus
1677 4846 1771 4904 sancti

64 4949 92 5000 et
107 4941 287 5016 quibusdam
305 4939 372 4998 aliis
387 4957 449 5015 qus
464 4940 522 4998 sibi
537 4947 702 5014 competere
717 4943 833 5011 asserit,
845 4963 892 5003 sa·
948 4949 1072 5005 firmiter
1086 4948 1274 5021 injungentes
1282 4949 1429 5018 quatenus
1444 4959 1536 5014 usque
1552 4942 1772 4998 adssxmenscs

64 5032 201 5089 tislaeere
232 5047 406 5105 procurares
433 5030 589 5087 deferendo
619 5035 676 5087 Dec
704 5031 813 5103 nobis,
842 5034 893 5107 qui
948 5026 1772 5112 postsusceptIonempresentiumautprssfstoeregina

65 5121 139 5177 forte
155 5121 222 5193 plus
237 5119 336 5176 debito
351 5118 404 5175 tibi
426 5118 590 5177 detulimus
606 5118 636 5174 io
652 5116 707 5175 bac
726 5124 820 5191 parte.
836 5121 893 5179 Sed
948 5126 1114 5184 satIsfaeias
1129 5142 1256 5200 congrue
1271 5127 1307 5182 de
1322 5122 1483 5199 predictis,
1500 5126 1551 5177 ant
1566 5132 1735 5189 componas,
1746 5115 1772 5172 si

66 5229 119 5268 nec
130 5211 172 5270 sio
182 5212 280 5268 adbuc
293 5210 446 5284 potuimus
457 5212 609 5283 proficere,
626 5209 703 5266 sicut
714 5210 836 5269 effeetus
847 5211 895 5269 in·
948 5216 1012 5272 fleri
1028 5216 1131 5288 possit,
1145 5214 1341 5272 amicabiliter
1354 5229 1422 5269 cum
1438 5211 1550 5280 eadem,
1566 5207 1610 5265 vel
1625 5222 1676 5280 per
1688 5204 1775 5261 suffl-

67 5301 156 5370 dicst,
172 5306 201 5357 et
216 5299 380 5374 seperius
388 5300 494 5372 regine
511 5297 632 5371 querela
646 5299 757 5357 nostris
772 5301 894 5359 auribus
948 5306 1072 5363 cientem
1085 5310 1114 5360 et
1128 5305 1267 5361 idoneum
1280 5300 1479 5375 responsalem
1494 5304 1523 5355 te
1534 5303 1634 5356 nostro
1649 5311 1772 5367 conspe·

67 5389 154 5447 totles
183 5388 332 5447 inculcata
359 5431 369 5456 ,
398 5405 464 5445 cum
494 5405 552 5445 non
581 5387 608 5444 ei
637 5388 806 5447 satisfacere
835 5408 893 5450 non
948 5397 1008 5453 ctui
1025 5387 1777 5468 mpraesentes,exhibiturcssidemvelpreeurator

102 5608 178 5680 (139)
192 5606 265 5664 Vide
280 5605 333 5664 lib.
349 5621 411 5676 aru,
425 5605 511 5679 epIst.
526 5605 573 5663 7⁴.
