3780 6000
53 253 108 310 vti
429 218 434 227 ’
536 259 1172 329 ronrirrcaruseeuovnr,cne1srr
1192 262 1272 319 leot.
1713 262 1767 319 vu

55 379 168 454 pellere
182 384 368 450 conarentur,
379 398 431 454 pro
445 383 566 454 eoquod
579 383 794 454 procurationis
804 401 886 439 man·
902 396 928 461 Α
943 386 1165 456 stinentur,nlei
1178 386 1377 458 lortequidam
1385 401 1487 443 sorum
1496 385 1698 444 valetudinarii
1706 388 1768 445 sint

55 472 162 529 datum
172 472 293 527 minime
303 474 488 536 ostendebat,
500 489 675 544 responsum
688 473 778 530 eetab
788 475 891 530 eodem
942 483 992 531 aut
1007 494 1103 538 senes,
1118 478 1196 548 quob
1211 479 1248 533 ab
1264 477 1434 548 hujusmodl
1450 493 1539 532 onere
1552 478 1680 545 corporis
1695 478 1766 533 red-

55 566 137 633 quod
153 561 184 616 in
196 562 346 632 pruvincia
361 562 543 617 lombardie
558 563 635 633 apud
656 565 802 619 civitatem
820 562 891 619 Pur·
942 568 993 621 det
1006 567 1142 623 debilitas
1157 574 1325 629 excusatos,
1337 567 1374 622 de
1388 566 1498 638 quibus
1509 567 1551 622 its
1563 565 1703 622 duximus
1717 581 1769 622 or-

56 666 204 716 mensem,
219 655 279 705 tam
296 650 402 706 litteris
416 652 452 706 de
465 653 615 716 manilato,
627 669 716 723 quum
727 656 815 708 rebus
826 653 892 709 aliis
942 656 1117 725 dinsndnm,
1130 661 1163 711 ut
1173 672 1284 728 parvos
1299 655 1481 727 recipiantur
1496 655 1525 710 io
1539 655 1656 727 anglia,
1671 660 1700 710 et
1713 655 1770 713 ds·

56 742 158 797 iuerat
171 738 326 811 spoliatus,
337 741 388 796 sed
402 749 522 812 paratus
534 747 597 796 erat
605 749 743 813 prestare
755 743 890 798 idoneam
943 746 1104 818 positiones
1118 761 1231 814 sorum,
1242 746 1349 801 vestris
1363 743 1483 800 inclusa
1495 743 1613 815 sigillis,
1625 744 1711 799 nobis
1724 744 1769 799 in·

57 829 241 900 cautionem,
256 829 346 900 quod,
371 828 515 901 quidquid
532 847 584 902 per
605 846 673 886 eum
690 832 771 887 lieret
792 832 820 886 io
837 832 892 887 bes
943 838 986 891 l're
1000 835 1111 891 dietum
1126 837 1285 890 torminum
1300 835 1551 889 transmittantur.
1568 831 1659 901 Unde,
1676 847 1770 906 serpe-

56 933 163 987 oausa,
178 916 444 990 dictasullragunei
456 925 552 974 rutum
564 919 745 976 haberentet
759 921 890 977 firmum.
942 925 1010 980 latis
1025 923 1202 996 suffraganis
1213 940 1263 996 per
1277 923 1388 990 scripta
1397 929 1497 978 nostre
1507 921 1723 990 mandavimus,
1735 925 1769 980 ut

57 1006 143 1067 Licet
155 1006 247 1078 igitur
266 1005 355 1062 iidem
375 1006 512 1064 monachi
539 1009 703 1064 niterentur
726 1012 890 1078 ostendere,
943 1014 1095 1071 universos
1117 1020 1217 1079 testes,
1232 1028 1308 1085 quos
1320 1013 1349 1068 in
1365 1011 1420 1067 beo
1433 1027 1524 1068 causa
1539 1011 1675 1067 duxerint
1700 1027 1767 1085 pro·

59 1093 296 1152 sctisiaotionam
313 1095 488 1168 hujusmodl
499 1113 556 1152 non
572 1114 637 1154 esse
653 1100 681 1152 in
698 1097 752 1155 boe
768 1099 890 1156 articulo
941 1104 1103 1164 ducendos.
1119 1104 1176 1159 nisi
1187 1101 1393 1159 valetudinarii
1409 1100 1469 1156 sint
1480 1100 1522 1156 vel
1537 1114 1632 1167 senes,
1645 1115 1709 1156 com
1725 1102 1769 1156 ln·

57 1184 284 1254 admittendam,
301 1200 354 1241 nos
370 1190 482 1253 tumeo,
499 1190 627 1257 partium
644 1187 772 1243 utilitate
786 1204 820 1244 oc
836 1204 889 1244 ne·
942 1190 1116 1245 strumentis
1132 1195 1161 1246 et
1185 1188 1358 1257 rationibus,
1375 1187 1452 1244 intra
1471 1188 1583 1244 dictum
1607 1188 1768 1245 torminum

57 1275 198 1330 cessitate
212 1282 347 1343 pensata,
362 1291 429 1330 curn
445 1275 632 1332 dubitaretur
648 1275 839 1349 probabiliter
855 1279 891 1334 de
941 1280 1140 1347 excusatione,
1164 1278 1407 1351 appellationem
1422 1275 1563 1333 dilatione
1583 1275 1767 1349 postpositis,

58 1363 354 1432 mandato,eumdem
364 1364 890 1429 magistrumelectionioontrndicen·
941 1368 1188 1439 adapostolicam
1210 1370 1310 1424 sedem
1331 1366 1547 1434 transmittant,
1571 1367 1767 1438 providentes,

57 1449 888 1526 temadmisimus,priustamenabipsomillemarearum
943 1463 984 1526 ut,
999 1461 1024 1512 el
1040 1474 1115 1531 quos
1131 1459 1203 1514 torte
1214 1455 1553 1529 prelibatsdebilitasad
1565 1471 1618 1511 nos
1630 1456 1769 1513 secedere
1836 1486 1842 1491 ·

58 1541 199 1597 cautione
215 1548 345 1614 recepta,
365 1542 523 1598 venerabili
544 1546 633 1599 l'retre
654 1552 789 1602 nostro...
803 1544 889 1601 Win·
942 1546 1121 1616 prohiberet,
1137 1549 1228 1618 ipsos,
1249 1548 1273 1600 si
1297 1544 1411 1610 volunt,
1432 1557 1530 1598 eoram
1556 1542 1637 1598 vobis
1659 1542 1767 1614 produ-

61 1629 191 1687 toniensi
206 1629 354 1703 episcopo,
371 1637 400 1687 et
414 1635 556 1703 magistro
570 1632 776 1705 Ιοοιιοο(668),
791 1637 890 1690 Sancti
942 1640 1020 1703 cant,
1039 1643 1071 1691 ut
1086 1634 1287 1708 depositiones
1302 1632 1433 1704 ipsorum
1444 1631 1529 1687 nobie
1545 1632 1660 1703 possint
1670 1630 1701 1687 in
1717 1647 1768 1689 eo-

59 1719 147 1776 Panli
165 1718 378 1775 bondoniensis
393 1721 544 1790 canonico,
560 1722 596 1777 da
609 1722 727 1778 lieentia
743 1730 844 1779 nostra
859 1740 891 1779 se
943 1723 1010 1778 dem
1026 1724 1152 1779 termino
1166 1719 1346 1794 presentari,
1358 1717 1553 1789 significaturi
1563 1716 1648 1773 nobis
1659 1716 1767 1789 perlit·
1840 1784 1843 1789 ⁴

60 1824 131 1866 oum
144 1810 760 1883 ipsoadpesnamobligautibusproeodem,
771 1813 889 1885 utquod
944 1814 1023 1868 teras
1034 1829 1114 1881 suus,
1130 1818 1230 1867 utrum
1240 1815 1335 1865 ratum
1347 1807 1438 1863 velint
1448 1805 1555 1863 babere
1570 1806 1648 1879 quod
1658 1821 1770 1879 peran-

60 1913 198 1972 pereum
214 1897 298 1954 lieret
313 1900 342 1953 in
359 1900 412 1954 boc
429 1906 521 1971 perte,
539 1900 595 1972 ipsi
611 1901 890 1974 aullrugaoeifirmi·
943 1901 1081 1958 tedictuiu
1098 1900 1274 1972 magistrum
1292 1896 1401 1952 laetum
1417 1900 1463 1953 est
1478 1896 1506 1950 in
1525 1894 1577 1951 bac
1593 1910 1700 1962 causa,
1715 1897 1769 1967 el,
1800 1964 1803 1975 Ι

58 1993 105 2045 ter
119 1989 320 2044 observarent.
336 1987 549 2044 Insistentibus
564 1989 655 2062 igitur
670 1991 823 2047 monacbis
838 2008 890 2047 an·
943 1990 968 2045 si
984 1993 1057 2046 l'orte
1072 1996 1168 2045 ratum
1185 1988 1214 2042 id
1239 1986 1334 2042 nolint
1350 1984 1469 2052 babere,
1485 1992 1689 2056 procuratores
1704 1982 1775 2039 ido-v

59 2075 178 2133 tedicus
194 2078 231 2132 ad
255 2076 448 2133 obtinendam
468 2079 722 2134 confirmationem
739 2078 890 2136 electionis
943 2095 1015 2135 neos
1029 2080 1105 2134 inira
1119 2077 1230 2132 dictum
1245 2074 1403 2131 terminum
1419 2073 1455 2129 ad
1471 2089 1525 2129 nos
1540 2071 1688 2128 destinare
1702 2086 1770 2143 pro·

58 2166 218 2237 prodicta,
233 2165 314 2222 sicut
327 2166 364 2222 ab
382 2166 518 2223 universo
532 2174 675 2224 conventu
695 2168 890 2225 cantuarien·
943 2174 1056 2236 curent,
1082 2167 1145 2240 qui,
1169 2166 1250 2222 omni
1274 2162 1514 2237 tergiversatione
1529 2161 1699 2234 postposita,
1719 2176 1769 2218 ve·

58 2255 104 2312 sis
132 2253 266 2311 Ecclesie
293 2256 476 2311 concorditer
499 2257 593 2314 luerat
618 2257 766 2314 celebrata
793 2259 891 2315 dietus
944 2256 1247 2326 niantsioinstruotl,
1263 2254 1341 2327 quod
1355 2251 1769 2324 nibildellciatquoadipeos,

59 2342 891 2419 magistersammultiplicitervisusestimpugnaremur
943 2350 1103 2422 quominus
1127 2347 1225 2419 ipsum
1251 2346 1400 2415 negotium
1430 2358 1560 2414 pernos,
1583 2344 1769 2398 aurursus·
1808 2377 1812 2381 -

58 2432 143 2505 quia,
158 2437 225 2504 post
239 2432 469 2504 appellationem
492 2435 526 2489 ad
544 2452 598 2491 nos
613 2435 746 2507 legitime
761 2436 892 2507 interpo-
944 2439 1036 2503 mino,
1061 2436 1149 2491 llnem
1166 2435 1298 2490 debitum
1314 2431 1465 2488 sortiatur.
1482 2430 1632 2502 Alioquin,
1657 2446 1723 2485 eum
1738 2429 1769 2486 in

58 2520 162 2589 situla,
187 2535 245 2576 non
260 2526 321 2576 tam
345 2519 493 2577 celebrata
518 2522 613 2579 luerat
634 2541 724 2596 quam
751 2540 891 2597 praesum·
943 2532 1129 2584 exsecutione
1147 2523 1271 2593 justitie
1287 2538 1344 2578 non
1370 2522 1475 2577 debeat
1488 2533 1554 2575 esse
1578 2534 1770 2591 personarum

60 2613 123 2681 pta,
147 2616 212 2664 tum
225 2608 296 2680 quia
309 2608 491 2681 suffraganei
515 2612 736 2668 Cantuarieneis
756 2613 891 2669 Ecclesiae
944 2616 1075 2686 acceptio
1090 2611 1133 2669 vel
1149 2610 1291 2674 delectus,
1307 2618 1410 2665 extunc
1427 2627 1482 2665 non
1500 2608 1644 2665 babentes
1655 2625 1771 2680 raspeo·

60 2696 181 2754 luerent
195 2696 226 2755 in
249 2698 304 2754 bne
319 2699 460 2757 electione
476 2702 647 2772 contempti,
662 2718 729 2759 cum
744 2706 808 2758 eine
819 2702 893 2774 ipsis
944 2710 1007 2761 tum
1018 2704 1055 2758 ud
1068 2704 1207 2758 bonorem
1218 2701 1269 2755 sed
1282 2699 1319 2755 sd
1331 2703 1434 2765 Deum,
1447 2697 1489 2753 sio
1501 2697 1704 2752 Cantuariensi
1718 2695 1770 2752 Eo-

62 2787 123 2842 lmo
138 2787 194 2843 nisi
205 2803 272 2843 euru
288 2787 372 2861 ipsis,
388 2805 445 2844 non
462 2792 556 2862 possit
572 2791 734 2847 valdebrat
750 2789 819 2847 talis
834 2791 892 2848 elo·
944 2792 1050 2857 elesie,
1067 2790 1227 2847 ausiliante
1238 2788 1307 2859 Deo,
1321 2793 1464 2858 quantum
1480 2786 1517 2842 de
1530 2788 1595 2857 jure
1607 2786 1771 2858 poterimus

58 2873 118 2931 etio
132 2876 275 2931 celebrari
288 2893 296 2945 ;
307 2878 552 2950 eommunejuset
560 2881 803 2936 consuetudinem
818 2880 894 2936 anti.
947 2882 1096 2956 providero
1111 2880 1293 2945 curabimus,
1309 2878 1386 2950 quod
1402 2881 1504 2949 optata
1520 2876 1656 2948 deinceps
1667 2875 1773 2946 poterit

59 2980 150 3036 quam
166 2963 310 3039 allegans,
326 2983 360 3022 ac
375 2968 454 3038 quod
471 2968 607 3025 monaehi
624 2986 718 3041 usque
732 2972 767 3027 ad
784 2972 893 3028 testum
946 2970 1160 3044 tranquillitate
1174 2969 1313 3040 gaudere.
1330 2964 1655 3035 Quocirca,disoretioni
1667 2968 1769 3020 vestre

58 3051 142 3111 Beati
165 3055 286 3110 Andrere
310 3060 476 3112 statuerant
491 3074 559 3114 enm
582 3058 728 3132 episcopis
753 3060 890 3117 inducias
947 3078 999 3134 per
1011 3058 1174 3133 apostolica
1188 3057 1297 3129 scripta
1313 3055 1655 3127 mandamus,quatenua
1670 3057 1771 3120 testes,

57 3158 150 3216 super
163 3143 305 3201 electione
320 3146 478 3214 tractandi,
494 3163 580 3218 quae,
595 3147 669 3220 ipsis
683 3149 829 3221 episcopis
839 3149 887 3205 in·
902 3130 925 3195 C
946 3167 1021 3222 quos
1037 3156 1160 3219 utraque
1175 3163 1242 3218 pare
1256 3161 1354 3201 coram
1369 3144 1452 3200 vobis
1476 3142 1592 3201 duxerit
1605 3143 1772 3215 producen-

57 3230 215 3300 oonsultis,
231 3248 288 3289 non
314 3239 385 3290 aunt
405 3237 487 3291 veriti
505 3237 672 3307 prevenire,
697 3244 799 3309 petens
814 3254 887 3308 pra·
943 3241 994 3295 dos
1017 3237 1171 3311 diligenter
1198 3236 1367 3291 examinare
1381 3231 1500 3302 curetis,
1517 3238 1546 3289 et
1573 3229 1772 3304 depositiones

57 3326 139 3377 tersa
152 3322 370 3379 restitutionem
386 3325 472 3396 quasi
485 3326 691 3394 possessionis,
703 3343 762 3398 qua
772 3328 889 3384 dicebat
942 3328 1087 3401 ipsorum.
1104 3324 1210 3381 vestris
1224 3322 1356 3379 inclusas
1371 3320 1492 3395 sigillis,
1505 3321 1591 3377 nobie
1606 3320 1683 3377 inlra
1696 3334 1770 3392 pre·

57 3408 263 3483 suffraganeos
278 3412 453 3483 sepedictos
469 3413 497 3468 in
508 3413 561 3469 boc
574 3421 771 3486 partetemere
782 3415 889 3488 spolia·
942 3420 1054 3474 dietum
1070 3413 1230 3470 terminum
1246 3410 1468 3468 transmittatis.
1483 3409 1584 3467 Testes
1594 3416 1704 3474 autem,
1714 3410 1770 3464 etc.

56 3503 116 3556 tos.
133 3498 889 3576 Quamvisigiturexadversoprivilegiapraedeeee·
980 3507 1086 3562 [latum
1115 3502 1194 3576 apud
1223 3501 1365 3557 Sanctum
1394 3502 1527 3570 Petrum,
1552 3514 1586 3554 tlt
1615 3497 1686 3555 ldus
1716 3500 1771 3554 Ds-

57 3603 162 3644 sorum
187 3595 412 3656 nostrorumst
436 3597 583 3658 nostrum,
606 3592 723 3664 aliaque
746 3593 889 3650 nonnulla
942 3594 1081 3651 cembris.

59 3676 239 3733 documenta
262 3679 371 3734 luerint
386 3682 469 3736 vobis
483 3687 614 3750 ostensa,
638 3682 811 3755 multisque,
829 3691 887 3740 tam
1255 3678 1353 3736 CLXII
1368 3678 1458 3750 (669)·

56 3766 95 3820 de
109 3763 187 3821 lacto
201 3783 290 3837 quam
317 3770 354 3824 de
366 3771 443 3839 J'ura,
465 3771 630 3826 rationibus
651 3771 796 3844 allegatis,
811 3772 889 3828 desi·
1106 3810 1113 3825 .
1131 3812 1138 3826 .
1157 3784 1315 3824 ·1³P1⁵001³⁰
1334 3783 1508 3824 iwllsstffllw
1522 3766 1609 3839 (670)·

58 3852 349 3912 derantervellemus
367 3858 454 3913 linem
469 3858 620 3932 imponere
632 3860 802 3932 hujusmodi
814 3878 890 3933 que·
945 3862 977 3920 lli
997 3859 1147 3930 reintegret
1168 3857 1284 3928 feudum
1308 3855 1475 3931 quibusdem
1498 3854 1704 3938 nobilibuanui
1720 3866 1772 3927 pro

56 3943 161 4008 stioni,
176 3958 241 4016 qna
257 3946 323 4002 sine
339 3962 447 4018 magno
459 3947 613 4020 dispendio
630 3949 756 4018 partium
771 3967 827 4005 non
842 3967 889 4020 po·
1041 3932 1160 3988 6666666
1174 3932 1306 3985 'mmm
1325 3927 1493 4001 6661606666
1505 3927 1672 4026 wlfildam

56 4036 117 4089 test
132 4030 248 4090 diutius
271 4037 435 4108 prorogari,
451 4037 521 4108 quia
537 4045 633 4094 tamen
650 4039 685 4094 de
709 4041 889 4111 quibusdam
1134 4018 1255 4088 lfl⁰m⁰2
1272 4032 1293 4073 ¹¹
1307 4017 1375 4075 6666
1390 4016 1581 4089 6666666666)

58 4120 201 4194 utrinque
225 4125 386 4196 propositis
402 4126 465 4181 llori
481 4127 566 4183 nobis
592 4144 649 4184 non
670 4134 783 4200 poterat
803 4128 891 4201 plena
981 4128 1046 4202 [Per
1068 4131 1136 4183 tuas
1160 4126 1240 4183 uobis
1264 4125 1378 4182 litteras
1402 4139 1564 4196 proponere
1589 4121 1773 4195 procurasti,

58 4210 146 4278 fides,
162 4211 198 4267 de
212 4213 364 4269 communi
381 4215 505 4271 fratrum
521 4222 687 4274 nostrorum
704 4217 838 4285 consilio,
849 4217 891 4274 in·
944 4219 1040 4290 quod,
1056 4233 1124 4272 cum
1149 4215 1270 4288 quidam
1289 4214 1457 4282 l'lorentini,
1474 4211 1585 4270 nobiles
1599 4216 1627 4269 et
1640 4214 1774 4284 potentes,

57 4296 196 4355 terloouti
213 4302 323 4358 ininius
337 4302 367 4359 in
383 4303 438 4359 bac
454 4308 546 4376 parte,
564 4312 596 4360 ut
608 4311 709 4374 testes,
721 4323 795 4377 quos
811 4314 890 4362 utra·
945 4306 1068 4377 prompti
1080 4305 1116 4360 od
1130 4303 1276 4360 servitium
1286 4307 1314 4359 et
1329 4302 1428 4373 mooli,
1444 4308 1577 4373 tempora
1591 4299 1775 4367 schismatis,

58 4404 116 4460 que
132 4405 200 4460 pare
215 4393 333 4447 duxerit
349 4393 564 4462 producendos,
582 4410 676 4466 usque
692 4397 729 4451 ad
746 4396 890 4452 Kalendas
946 4395 1168 4451 benemervoriae
1176 4391 1501 4461 lulium,Florentinum
1509 4388 1677 4460 episcopum
1687 4386 1775 4459 (671),

59 4475 135 4533 lieri
150 4480 283 4549 proximo
300 4486 451 4546 venturae,
467 4482 615 4538 adsedem
632 4483 823 4556 apostolicam
839 4484 889 4542 de-
906 4492 928 4556 1)
943 4483 973 4540 in
984 4486 1071 4541 domo
1087 4499 1141 4539 sue
1155 4479 1777 4551 tenuerint,eeetratmpereterueurumque

105 4672 170 4738 668)
184 4675 256 4731 Vide
270 4676 426 4749 epistolam
440 4676 508 4732 libri
524 4677 648 4736 octatevi
666 4679 727 4744 l0l,
742 4684 802 4735 not.
948 4680 1043 4738 sedit:
1061 4680 1125 4746 sed,
1140 4696 1208 4737 cum
1224 4679 1329 4735 borum
1354 4679 1480 4733 duorum
1495 4675 1625 4748 dignitas
1638 4672 1776 4731 inciderit

108 4746 173 4817 669)
194 4752 361 4820 Reperitur,
385 4750 435 4804 sed
452 4749 536 4804 valdo
552 4751 665 4816 mutila,
690 4751 767 4806 inter
790 4751 893 4807 Decre-
948 4753 977 4807 in
994 4752 1122 4808 schisma
1136 4752 1213 4808 inter
1228 4750 1425 4806 Alexandrum
1440 4758 1469 4804 et
1489 4747 1634 4803 Victorem
1651 4749 1776 4811 pseudo·

60 4816 147 4883 tales,
165 4818 217 4873 lib.
233 4836 277 4884 111,
292 4822 339 4876 tit.
354 4820 400 4885 2⁴.
419 4820 459 4875 lle
470 4822 689 4887 donationibus,
705 4839 768 4894 cap.
782 4823 810 4879 5.
825 4829 893 4889 Qua
968 4825 1129 4890 onlilicem,
1144 4824 1301 4879 dicendum
1317 4826 1373 4889 est,
1386 4836 1477 4876 unum
1493 4826 1606 4875 tanturn
1620 4819 1712 4875 luisse
1725 4816 1778 4873 Ju-

59 4888 126 4943 illio
139 4889 290 4959 leguntur,
307 4892 355 4949 bie
372 4892 454 4946 uncis
478 4891 593 4949 inclusa
608 4900 689 4950 sunt.
706 4896 774 4960 Ques
793 4896 893 4951 ltalico
948 4843 1033 4960 sium,
1045 4896 1097 4967 qui
1114 4898 1196 4966 prius
1212 4898 1308 4949 levore
1329 4892 1514 4965 imperatoris
1529 4891 1662 4946 intrusus
1678 4888 1775 4972 luerit,

58 4962 231 5017 obamotore
247 4962 453 5028 distinguntur
467 4970 496 5019 et
510 4966 606 5022 varias
620 4966 762 5022 lectiones
779 4983 836 5022 non
852 4970 895 5021 in·
948 4983 982 5022 oc
1008 4974 1073 5037 post
1097 4966 1362 5022 reconciliationem
1388 4963 1505 5028 iactant,
1527 4968 1591 5031 post
1614 4961 1775 5044 Zenoblum

59 5031 200 5102 digilunt,
217 5035 325 5089 desunt
342 5036 371 5090 in
388 5034 530 5091 Decretal.
947 5038 1284 5109 verumepiscopum,ab
1292 5033 1626 5092 excommunicationem
1640 5040 1776 5112 expiatus

95 5098 171 5175 (eto)
188 5107 259 5162 Vide
283 5107 440 5178 epistolum
456 5107 524 5164 libri
540 5109 635 5164 octavi
652 5108 713 5177 leo,
725 5112 756 5164 et
773 5106 894 5179 quesibi
948 5111 1066 5165 sedarit.
1084 5109 1187 5164 Evenit
1203 5110 1230 5163 id
1249 5109 1326 5169 ll'lt,
1344 5111 1372 5163 in
1384 5124 1442 5179 quo
1459 5107 1521 5169 ipso
1537 5120 1614 5187 anno
1630 5102 1776 5158 Zenobrua

59 5173 203 5232 66606661
215 5188 297 5247 ⁸⁰⁰¹,
314 5183 375 5233 not.
949 5188 1008 5237 vite
1025 5183 1143 5237 l'unctue
1167 5186 1222 5243 est,
1238 5181 1366 5251 vixitque
1390 5179 1495 5235 deinde
1509 5177 1608 5232 Julius
1630 5189 1724 5246 usque
1738 5173 1775 5229 ad

96 5245 175 5317 (671)
195 5249 378 5305 conterenda
402 5248 522 5306 omnino
538 5252 596 5306 ista
617 5266 683 5305 oum
701 5249 746 5306 bis
770 5265 835 5322 que
858 5250 894 5306 de
949 5268 1058 5308 annum
1077 5253 1155 5314 1181.
1173 5252 1228 5307 nisi
1245 5248 1517 5307 lortevelimushoe
1533 5249 1629 5318 ipsum
1646 5260 1778 5330 asserere

59 5315 299 5376 Florentinorum
324 5324 530 5393 episcoporum
557 5324 633 5378 serie
652 5321 792 5392 leguntur
816 5322 894 5394 apud
949 5326 984 5379 de
999 5323 1137 5380 Zenobio.
1152 5324 1225 5380 Cum
1240 5325 1318 5379 enim
1335 5318 1666 5378 budovicuscuvitellus
1682 5335 1712 5374 vn
1724 5322 1778 5373 tn·

59 5389 233 5461 U8h⁰¹¹⁰ffli
250 5392 312 5447 ¹¹³1·
324 5408 413 5462 ⁸qu
430 5401 501 5449 lom·
520 5394 568 5458 Ill.
586 5393 641 5450 ⁰⁰¹·
660 5395 721 5448 ¹27·
949 5393 1697 5455 nalibusCremonescbismnilludconnumerasset,
1709 5405 1778 5445 nar·

96 5482 111 5510 ι
127 5459 225 5519 ΧΧΙΧ.
237 5461 337 5520 Julius
347 5480 503 5521 successor
516 5466 672 5522 ambrosio
684 5480 732 5519 ao,
749 5465 827 5521 lies.
839 5466 895 5523 De·
949 5475 994 5522 rat
1018 5466 1108 5522 etiam
1130 5467 1358 5537 dinumeratque
1381 5464 1535 5535 episcopos
1561 5463 1597 5517 ab
1613 5460 1778 5519 alexandro

58 5530 117 5590 boo
129 5532 345 5592 lulio'dubitat
360 5536 544 5667 Borgbinus,
561 5554 598 5594 an
614 5537 692 5592 idem
708 5538 746 5592 sit
759 5553 827 5593 curo
844 5537 895 5593 illo
949 5539 1109 5681 depositos,
1133 5537 1163 5593 in
1185 5536 1294 5622 quibus
1316 5535 1473 5608 episcopus
1498 5533 1686 5590 Florentinus
1709 5532 1777 5596 luit,

58 5602 154 5665 altero
166 5603 261 5679 intio,
270 5608 323 5681 qul
338 5613 405 5679 post
442 5624 511 5680 une,
520 5608 572 5682 qul
581 5609 725 5682 sequitur,
735 5607 894 5666 &nubium
948 5626 983 5667 eu
999 5626 1035 5666 ns
1049 5625 1108 5666 non
1122 5609 1222 5682 prodit
1234 5622 1355 5676 noman,
1371 5622 1406 5664 ao
1419 5604 1542 5678 proinde
1555 5620 1678 5662 esuum
1692 5601 1776 5661 dedlt
