3780 6000
10 222 16 285 ᾳ
66 210 127 278 'aas
571 224 830 281 rennrrcarus
849 224 951 281 auno
969 224 1032 294 vn,
1052 226 1196 281 cumam
1216 222 1297 279 120⁴.
1737 230 1793 287 aaa

10 342 18 413 ξ
74 351 271 421 sanguniur,
287 347 339 405 sad
355 363 460 404 omnes
483 347 572 404 etiam
596 347 753 405 Christiani
780 349 827 405 bis
842 352 909 406 aute
924 351 951 418 Α
967 370 981 400 a
998 351 1030 404 ut
1045 349 1211 421 acciperent
1225 348 1368 421 Spiritum
1385 353 1541 419 sanctum,
1560 352 1690 410 nondum
1711 355 1790 412 enim

75 435 304 510 «baptismum,
319 435 433 494 scilieet
451 436 514 495 oleo
539 437 705 508 benedicio,
723 437 853 510 primum
877 437 907 493 in
966 460 977 487 ι
995 438 1023 493 in
1041 455 1220 511 quemqnam
1235 438 1351 495 illarum
1364 440 1562 508 venerat,sed
1574 441 1712 513 baptizati
1724 449 1791 501 tan·

76 531 228 599 «metere,
245 525 351 583 deinde
366 526 446 583 iuter
460 526 608 600 scapulas,
625 530 654 583 et
669 527 715 584 bis
730 532 797 601 post
813 527 909 599 bapti·
963 548 977 578 ιι
994 531 1057 583 ium
1074 532 1157 585 erant
1170 528 1198 583 in
1211 528 1329 585 nemine
1345 528 1462 585 Domini
1474 529 1556 587 Jasu.
1568 531 1792 607 Tuncimpona·

10 636 14 659 ·
75 632 215 682 «smum,
232 615 344 673 scilicet
359 615 519 672 chrismate
534 632 629 683 sacro,
641 617 772 689 primum
797 616 827 672 in
842 633 908 671 ver·
964 638 977 667 a
994 618 1065 673 bant
1080 633 1187 674 manus
1202 635 1292 690 super
1308 617 1386 685 illos,
1402 624 1430 674 et
1449 619 1634 692 accipiebant
1647 621 1789 692 Spiritum

81 728 94 755 ιι
109 705 177 775 lice,
189 705 296 761 deinde
308 704 336 761 in
349 705 454 762 lronie.
471 705 502 761 ln
515 708 632 777 pectore
644 721 772 777 namque
787 703 908 777 ungitur
964 726 975 754 ι
994 708 1204 780 ειιιοῑιιιιιμεὶ.
1221 707 1319 778 virilu
1333 708 1570 779 quusadventus
1581 726 1630 782 per
1642 710 1792 768 unctionis
1809 733 1831 755 ι’

74 817 88 844 e
100 792 310 867 baptizandus,
335 798 367 849 ut
382 811 432 866 per
447 794 575 866 Spiritus
591 795 685 850 sancii
703 795 817 850 donum
831 793 905 864 ain-
963 816 977 846 ιι
994 795 1166 868 mysterium
1182 796 1607 869 designatur,quamoolumba
1622 799 1790 872 inquaSpi·

79 884 164 940 aciat
189 898 318 940 errorem
333 887 361 939 ei
377 883 582 956 ignorantiam,
602 888 630 940 et
652 883 792 956 suscipiat
817 881 905 939 fidem
962 906 976 934 ι
990 884 1064 941 ritus
1081 886 1455 957 sanctussuperchristum
1468 886 1653 960 inbaptismn
1667 888 1790 945 descen-

13 982 16 987 ·
77 972 320 1044 «rectam,quia
349 971 530 1044 «justuscx
561 972 617 1028 dds
645 973 715 1028 vicit
736 974 904 1043 (domiin
962 975 1085 1030 «diiad
1110 991 1274 1046 coeperam,
1300 974 1328 1030 in
1355 975 1536 1048 cataclysmo
1563 983 1712 1033 revertens
1741 995 1790 1034 ra·

75 1062 185 1118 «later
200 1060 339 1134 scapulas
351 1066 447 1117 eutem
461 1061 642 1134 baptizandas
665 1063 813 1132 insopitus
836 1062 904 1135 (21),
961 1084 975 1112 ι
993 1079 1073 1119 ιιιιιιιι
1092 1063 1192 1119 retulit
1207 1063 1328 1120 virentis
1345 1063 1438 1120 oliva.
1456 1066 1546 1136 Cujus
1562 1065 1663 1138 utique
1688 1081 1787 1122 saera·

14 1220 17 1227 Ι
74 1156 135 1207 «ui
150 1168 206 1225 per
220 1151 348 1224 Spiritus
363 1150 457 1207 sancii
478 1152 664 1222 proliceret)
677 1149 906 1224 excutiatnegli-
961 1158 1126 1209 «menium
1142 1153 1789 1226 Davidprophetaproenoscens,exhilaran-

14 1230 20 1299 ¹.'
74 1241 237 1315 ·gcntiam
268 1244 297 1297 ei
319 1245 478 1312 torporem,
502 1245 531 1297 et
564 1240 672 1298 bonam
704 1239 904 1313 operationem
963 1243 1059 1298 adam
1082 1242 1186 1299 faciem
1211 1241 1240 1297 in
1266 1241 1329 1298 oleo
1355 1243 1534 1315 praedicavit.
1553 1243 1710 1316 Unguntur
1730 1245 1789 1316 (27)

15 1356 20 1371 ·
74 1343 251 1400 «exerceas,
277 1329 543 1403 quiaafidessine
568 1330 706 1402 operibus
732 1335 905 1387 mortuaest
960 1335 1108 1402 «praetera
1133 1331 1297 1388 secundum
1322 1330 1556 1388 ecclesiasticum
1578 1348 1785 1402 morem,cum

17 1472 20 1485 ,
74 1422 171 1492 «liae.
191 1423 335 1489 n),»etc.
352 1420 422 1492 (23),
436 1424 467 1476 ut
482 1420 617 1493 perfidei
632 1419 905 1477 sacramentumsit
960 1419 1380 1489 «consecraturaltarc,cum
1406 1421 1557 1477 dedicatur
1588 1422 1789 1495 templum,et

16 1526 20 1547 ÷
74 1509 260 1567 «munditia
287 1509 499 1583 cogitationum
526 1509 554 1565 in
577 1513 704 1581 pectore,
738 1509 905 1582 peraperis
959 1534 973 1561 a
989 1528 1056 1567 aum
1070 1510 1255 1567 benedicitur
1269 1509 1424 1578 calix,non
1439 1509 1534 1566 solnm
1552 1510 1788 1569 exmandatole·

74 1622 86 1649 ι
102 1598 280 1656 exercitium
305 1599 345 1656 sit
372 1598 514 1656 fortitudo
539 1599 675 1656 labarum
701 1599 730 1654 in
760 1597 903 1671 scapulis,
959 1623 973 1651 a
990 1600 1035 1673 gis
1051 1600 1166 1667 divina,
1184 1615 1284 1657 verum
1300 1600 1387 1655 etiam
1403 1598 1537 1671 exemplo
1551 1600 1628 1656 beati
1644 1599 1787 1673 Silvestri,

15 1676 23 1761 i
68 1711 82 1739 ι
96 1692 252 1761 quatenus
268 1687 903 1760 ildesperdilectionem,secundumAposta·
917 1713 942 1781 Β
958 1712 972 1741 a
990 1691 1039 1762 qul
1055 1707 1122 1747 curn
1139 1690 1331 1747 consecrabat
1345 1688 1446 1758 altare,
1463 1688 1535 1745 illud
1551 1689 1710 1746 chrismate
1725 1706 1788 1762 per·

15 1804 18 1813 ·
69 1777 386 1851 «lum,operetur.ln
409 1778 599 1833 verticevero
624 1775 899 1848 baptizatusiuun·
960 1780 1130 1853 «ungebat.
1148 1779 1287 1851 Praecepit
1303 1779 1381 1835 enirn
1398 1777 1649 1850 Dominusliloysi
1667 1783 1698 1835 ui
1713 1779 1787 1837 lace·

67 1890 79 1917 ι
94 1869 190 1942 gitur,
215 1872 249 1923 ut
262 1867 302 1925 sit
326 1870 448 1941 paratus
472 1867 552 1924 omni
578 1867 702 1939 poscenti
713 1866 765 1935 (24)
792 1867 827 1922 de
842 1866 900 1922 lide
955 1892 969 1919 a
987 1874 1029 1926 ret
1058 1869 1155 1926 oleum
1181 1869 1340 1936 unctionis,
1357 1870 1392 1924 de
1408 1884 1466 1941 qun
1483 1875 1605 1940 ungeret
1621 1867 1788 1927 tabernacu-

15 1952 18 1957 ’
64 1958 221 2015 ureddere
247 1957 402 2026 rationem,
423 1956 492 2028 quia
520 1972 573 2029 per
606 1960 695 2028 caput
726 1954 900 2026 intelligitur
954 1960 1039 2015 «tam
1064 1958 1215 2015 testimonii
1241 1959 1468 2028 (samarcam
1493 1957 1676 2025 testamenii,
1702 1974 1788 2014 men.

65 2048 280 2119 amensjuxta
300 2047 378 2118 quod
403 2046 527 2118 legitur:
543 2045 625 2102 Oculi
650 2045 790 2116 sapientis
806 2044 835 2101 in
851 2061 898 2102 ra·
954 2070 967 2098 a
984 2065 1109 2121 samque
1120 2049 1284 2104 cumensis.
1298 2048 1334 2103 lle
1355 2049 1455 2120 quibua
1472 2048 1557 2103 etiam
1572 2047 1786 2104 unctioniiaasa'

64 2158 76 2183 a
88 2135 149 2208 pite
163 2134 233 2206 ejus
244 2152 252 2205 ;
264 2135 350 2206 cujus
361 2134 497 2207 superior
503 2150 571 2207 pars
583 2136 628 2191 est
640 2133 725 2203 ratio,
737 2137 766 2189 et
778 2133 898 2189 inferior
954 2160 968 2187 a
980 2139 1103 2210 forsitan
1123 2138 1306 2201 dubitavcris,
1333 2153 1396 2193 cum
1410 2153 1427 2191 a
1441 2141 1468 2193 ta
1478 2136 1622 2208 lacrimas
1644 2135 1785 2210 requisiti,

13 2218 17 2305 ζ
67 2222 315 2282 «massalino»
333 2223 427 2296 Unde,
453 2223 528 2280 bene
556 2239 608 2295 per
631 2222 779 2294 verticem,
796 2225 897 2295 puteat
955 2214 1407 2299 «frctemilctemtuamplenius
1431 2225 1616 2282 instruemus.
1644 2227 1786 2283 Verumta-

13 2310 17 2355 ἱ
61 2329 300 2386 «supremopars
315 2312 433 2386 capitis,
448 2312 627 2384 intelligitur
643 2312 897 2385 ratio,quaesups·
951 2317 1116 2389 amentia)
1140 2315 1525 2372 unctionissacramenium
1554 2315 1633 2370 aliud
1662 2315 1782 2386 quidem

11 2390 17 2407 ⁴
60 2403 149 2460 «rior
165 2419 238 2477 pars
252 2406 298 2460 est
313 2402 431 2459 meniis.
450 2403 481 2459 ln
496 2403 590 2460 trente
618 2400 740 2475 ungitur
764 2401 895 2474 baptiza·
952 2429 965 2456 a
981 2407 1113 2462 sllicitat
1134 2406 1259 2479 figuram
1284 2409 1343 2460 tarn
1366 2403 1396 2458 in
1421 2404 1501 2460 Novo
1521 2419 1610 2476 quam
1634 2403 1663 2458 ln
1684 2403 1782 2462 Veteri

10 2516 13 2569 j
58 2490 895 2564 «tua,utliberecoulitealurquodcredit,quiacords
950 2496 1177 2552 «Testamenta.
1203 2494 1296 2563 Unde,
1323 2511 1381 2550 nan
1408 2493 1542 2564 judaizat
1563 2492 1690 2550 Ecclesia
1713 2509 1781 2550 cum

60 2582 447 2655 «credituradjustitiam,
461 2599 510 2639 ore
526 2584 617 2639 autem
632 2581 688 2653 (25)
705 2581 893 2639 biconleasia
950 2585 1128 2641 «unctionis
1153 2582 1281 2640 celebrat
1316 2587 1546 2652 sacramentum,
1575 2582 1653 2638 sicut
1690 2580 1780 2654 aliqui
1812 2635 1817 2655 ,

59 2672 122 2727 «ιὰ
149 2668 280 2727 salutem
305 2687 444 2728 :memor
470 2671 534 2742 ejus
558 2670 636 2743 quod
666 2669 809 2726 Dominus
831 2670 891 2727 ait:
949 2696 963 2724 ιι
979 2675 1173 2741 mentiuntur,
1187 2672 1236 2745 qui
1254 2688 1348 2744 nequa
1364 2671 1533 2743 Scripturas
1549 2687 1646 2743 nequa
1662 2671 1712 2727 liei
1730 2688 1779 2727 no·

61 2757 485 2825 aooimaeont'essusluerii
507 2757 892 2830 ccramhamiaibascanp·
948 2779 1044 2819 «vere
1067 2762 1214 2818 veritatem
1242 2761 1396 2817 lilenemus
1429 2760 1521 2833 igitur
1560 2760 1777 2817 fraternitatem

59 2867 74 2897 ι
88 2849 170 2904 teter
184 2853 211 2904 ct
234 2863 359 2920 specum
382 2864 475 2903 eoram
499 2853 582 2904 Perire
596 2863 655 2903 meo
676 2847 782 2920 (licitis.
799 2854 858 2918 x.);
876 2871 891 2899 a
947 2876 960 2903 a
978 2857 1058 2907 tuarn
1074 2857 1102 2906 at
1114 2850 1304 2907 caborlnnrur
1319 2848 1532 2920 attentius,per
1549 2847 1710 2920 apostoliea
1725 2847 1778 2905 tibi

59 2960 71 2985 a
87 2941 168 2993 anie
179 2935 364 3010 baptismum
380 2935 605 3009 vereinungiiur
616 2934 679 2993 eleo
694 2936 892 3006 benedicio,et
947 2964 960 2991 a
975 2941 1085 3012 scripta
1096 2941 1436 3010 mandantes,quaionus
1446 2939 1481 2994 ad
1493 2939 1667 2994 mandatum
1679 2937 1777 2995 dilecti

15 3044 33 3069 r
55 3049 69 3075 ι
86 3031 157 3099 post
172 3026 355 3099 baptismum
377 3025 537 3082 chrismate
553 3041 647 3096 sacro,
665 3024 735 3097 quia
760 3025 890 3083 chrisma
947 3051 961 3079 ιι
978 3030 1029 3085 filii
1047 3029 1150 3101 nostri,
1168 3028 1284 3094 Leonis,
1302 3027 1378 3084 tituli
1407 3031 1518 3084 Sancta
1541 3027 1644 3083 Crucis
1659 3027 1778 3101 presby-

55 3138 70 3167 «
86 3116 144 3173 soli
160 3115 303 3189 competit
331 3113 508 3172 Christiano.
526 3115 662 3173 Christus
682 3114 761 3171 onim
782 3116 891 3171 achri·
908 3075 930 3143 C
947 3142 961 3170 ιι
980 3119 1031 3175 teri
1047 3117 1216 3185 cardinalis,
1233 3117 1398 3191 apostolicas
1415 3117 1493 3173 sedis
1507 3116 1643 3188 legaii,tu
1659 3133 1777 3189 quoque

54 3225 69 3254 ι
84 3203 315 3274 maledicitur,
331 3202 376 3261 vel
391 3203 491 3277 potius
516 3221 533 3260 a
551 3202 667 3260 Christo
682 3202 791 3259 dicitur
814 3204 891 3260 chri·
949 3231 963 3261 a
978 3225 1090 3266 sacram
1103 3210 1239 3282 suscipias
1250 3207 1306 3279 (39)
1322 3206 1502 3277 unctionem,
1519 3204 1640 3278 nequid
1657 3205 1710 3261 libi
1725 3206 1775 3262 de·

55 3315 70 3340 ιι
85 3308 167 3363 sma,
178 3308 239 3349 non
250 3293 414 3349 secundum
427 3291 556 3349 neminis
568 3293 705 3361 formam,
719 3293 770 3349 sod
786 3310 891 3349 secun·
946 3321 961 3349 ιι
978 3297 1015 3354 sit
1031 3298 1065 3354 ad
1084 3296 1296 3370 plenitudinem
1318 3294 1495 3351 sacramenti
1511 3313 1517 3362 ;
1535 3297 1577 3363 ut,
1595 3310 1662 3350 cum
1689 3309 1774 3350 sacro
1796 3311 1811 3330 ·

57 3381 164 3437 «dum
192 3380 262 3438 [idei
282 3381 475 3439 rationemll
504 3380 617 3438 cbristo
641 3383 716 3438 enim
733 3381 891 3439 Christiani
944 3409 957 3437 a
975 3387 1065 3443 luania
1093 3386 1251 3442 chrismate
1283 3383 1444 3453 delibutus,
1474 3382 1715 3456 archiepiscopos
1743 3387 1771 3438 ei

57 3471 239 3538 «dicuntur,
255 3476 397 3542 tanquam
414 3471 494 3527 uncti
511 3470 679 3528 derivantur
694 3472 731 3529 ab
748 3478 833 3529 uncle
844 3477 891 3542 ,ut
949 3498 962 3529 ι
977 3476 1130 3549 episcopos
1147 3480 1211 3531 tuos
1227 3474 1364 3531 similiter
1375 3490 1500 3546 unguas,
1513 3479 1540 3529 ei
1553 3488 1605 3545 per
1619 3487 1669 3528 eos
1680 3471 1772 3529 iacias

54 3583 68 3611 c
82 3576 189 3616 omnes
200 3559 361 3617 currantin
374 3560 493 3617 odorem
502 3565 721 3633 unguentorum
733 3561 889 3635 illlusl‘dii),
945 3589 959 3616 a
971 3561 1450 3635 incaussacardotuminungioleo
1461 3561 1624 3630 benedicta,
1636 3560 1721 3616 illurn
1737 3561 1774 3616 da

53 3673 67 3699 α
83 3651 174 3721 cujus
190 3666 298 3707 nomon
314 3648 412 3707 oleum
426 3654 472 3707 est
482 3652 620 3709 cilusum.
634 3651 688 3708 Per
698 3652 802 3709 ironiis
816 3652 891 3708 chri·
948 3677 957 3702 ι
976 3660 1078 3709 cratero
1093 3653 1137 3724 [in
1154 3652 1327 3710 ordinandis
1348 3650 1526 3724 presbyteris
1547 3654 1576 3706 et
1598 3666 1772 3706 consecran·
1843 3674 1847 3681 ·

17 3737 269 3796 easmaiicnem
282 3740 890 3813 manusimpositiorlesignatur,quaealio
946 3764 960 3793 a
976 3742 1022 3798 dis
1051 3741 1198 3815 episcopis
1224 3757 1335 3797 rnorem
1351 3756 1463 3797 serram
1482 3747 1507 3796 ct
1520 3741 1622 3810 faciem
1636 3737 1692 3811 (31)
1722 3728 1788 3795 ob?
1878 3816 1881 3821 Ι

53 3853 65 3880 ι
85 3827 212 3885 nemine
226 3828 333 3886 dicitur
347 3829 543 3900 confirmatio,
560 3831 630 3903 quia
645 3848 696 3903 per
717 3846 782 3886 eam
797 3831 889 3903 Spiri-
944 3854 959 3882 «
975 3834 1094 3902 servari,
1111 3848 1197 3904 quern
1224 3830 1387 3903 apostoliea
1412 3829 1494 3886 sedes
1514 3828 1673 3900 observatl,
1697 3843 1773 3899 qua,

54 3943 69 3968 α
86 3923 139 3975 ius
153 3922 277 3975 sanetus
292 3920 328 3975 ad
340 3924 533 3991 augmentum
553 3920 788 3977 datureirobar.
800 3922 888 3989 Unde,
948 3921 1148 3994 sdispaneuie
1166 3922 1298 3991 Domino,
1324 3924 1498 3977 cunctorum
1524 3916 1657 3974 fidelium
1680 3920 1774 3974 mater

53 4025 155 4065 «eum
171 4013 294 4065 catenas
311 4008 466 4066 unctiones
481 4009 608 4083 simplex
631 4012 784 4077 sacerdos,
800 4009 828 4065 id
851 4013 890 4066 eat
944 4032 958 4059 a
977 4016 1022 4066 est
1035 4011 1228 4083 cimagistra.
1245 4010 1390 4066 Mittimus
1406 4012 1505 4065 autem
1520 4007 1574 4063 tibi
1602 4023 1654 4078 par
1677 4005 1772 4062 cardi·

53 4121 67 4145 s
85 4098 256 4170 presbyter,
271 4097 366 4156 valeat
380 4099 616 4171 exhibere,banc
627 4098 888 4155 nonnisisummus
943 4122 958 4151 ιι
975 4099 1250 4170 nalempradictam
1272 4097 1452 4172 pontificalia
1467 4099 1650 4162 ornamenta,
1661 4095 1772 4168 caligas

53 4188 236 4254 «sacerdos,
253 4187 281 4243 id
298 4189 344 4243 est
356 4188 526 4261 episcopus,
539 4187 624 4244 dabat
649 4189 792 4254 corsiarre,
819 4188 889 4259 quia
944 4212 957 4239 a
976 4195 1003 4245 et
1023 4188 1167 4259 sandalia,
1183 4189 1362 4245 amictumet
1376 4187 1485 4256 albam,
1500 4183 1650 4257 cingulum
1661 4188 1690 4240 et
1703 4199 1770 4241 suc·

52 4276 118 4333 «de
134 4274 210 4333 solis
236 4275 378 4349 apostolis
408 4277 528 4350 legitur,
552 4294 675 4348 quorum
702 4277 802 4333 vicarii
818 4281 887 4334 sunt
944 4278 1161 4345 «cinctorium,
1177 4277 1348 4334 arariumat
1364 4274 1562 4347 manipulum,
1585 4272 1716 4330 tunicam
1742 4276 1771 4328 et

54 4389 68 4417 ι
84 4364 231 4439 episcopi,
244 4366 321 4438 quod
336 4364 726 4438 permanusimpositionem
743 4366 886 4438 Spiritum
943 4388 957 4417 ιι
974 4365 1174 4431 dalmaticam,
1185 4365 1370 4421 chirothecas
1382 4368 1410 4420 et
1422 4360 1727 4433 annulum,planeiam
1743 4365 1772 4418 et
1864 4432 1869 4440 .

54 4478 68 4501 «ι
83 4461 226 4511 sanctum
237 4455 358 4522 dabant,
370 4456 621 4528 quemadmodum
634 4459 760 4511 ictuum
773 4460 891 4527 aposto·
905 4446 930 4511 [i
948 4479 957 4504 ·
976 4456 1105 4512 mitram.
1123 4455 1247 4511 Polliam
1262 4471 1329 4510 vero
1344 4453 1545 4526 perdilectum
1559 4450 1664 4518 filium,
1678 4450 1771 4506 Joan-

52 4568 66 4593 ι
82 4544 181 4600 lorum
199 4543 284 4601 lectio
300 4543 480 4601 manifestat.
498 4567 511 4595 a
526 4549 595 4601 Cum
613 4545 777 4612 audissent,
793 4545 890 4616 inquit
944 4566 958 4595 ιι
974 4561 1053 4616 nem,
1068 4543 1253 4618 capellanum
1269 4546 1415 4610 nastrum,
1427 4545 1512 4598 autea
1524 4539 1710 4596 miseramus.
1722 4538 1770 4608 itt,

52 4656 66 4685 ιι
79 4632 209 4707 apostoli
224 4633 274 4705 qui
298 4638 384 4691 erant
407 4632 617 4706 Hierosolymis
646 4634 715 4705 quia
736 4633 889 4706 recipisset
943 4655 958 4685 ιι
973 4632 1041 4690 lieet
1056 4633 1220 4707 [liemarus
1231 4632 1362 4704 pontifex
1372 4648 1430 4687 non
1444 4635 1545 4687 utatur
1555 4628 1659 4686 baculo
1671 4632 1769 4700 pasto-

50 4723 218 4780 «Samaria
239 4723 363 4779 verbum
378 4723 890 4794 Dei,mieeruniadeosPetrumst
943 4745 957 4772 a
975 4721 1040 4793 rall,
1066 4727 1128 4778 turn
1161 4726 1278 4793 propter
1305 4722 1467 4777 historicam
1495 4720 1562 4790 (32),
1588 4723 1650 4774 turn
1679 4718 1769 4775 etiam

50 4834 65 4861 a
78 4812 248 4869 loannem:
265 4812 392 4884 quicum
403 4812 564 4882 venisseut,
579 4818 738 4869 oraverunt
748 4829 800 4886 pro
815 4813 888 4884 ipsis
943 4833 957 4862 a
974 4817 1093 4883 propter
1107 4811 1263 4884 mysticam
1276 4810 1419 4865 rationem
1436 4808 1517 4880 (quod
1528 4809 1584 4879 (33)
1606 4808 1680 4863 idem
1707 4824 1767 4864 ear·

82 4919 145 4986 (al)
161 4917 228 4974 ilaec
244 4918 386 4976 Decretal.
404 4918 554 4976 omittunt.
942 4935 994 4992 pro
1009 4919 1038 4975 id
1051 4930 1102 4976 eat.

85 4990 144 5061 (22)
161 4990 233 5046 God.
247 4990 374 5048 Colbert.
393 4995 421 5048 et
436 4991 585 5062 andegav.
601 4990 712 5048 donam.
978 4991 1034 5061 (27)
1055 4990 1087 5047 ln
1109 4990 1262 5056 Decretal,
1285 4990 1423 5060 crepitum
1448 4991 1477 5044 et
1501 4986 1578 5044 inira
1606 4988 1688 5044 deest
1713 5003 1767 5047 vo·

84 5060 305 5131 remeassent.
331 5064 357 5119 et
372 5065 438 5135 post
452 5069 566 5119 mortua
581 5068 629 5130 est,
645 5066 673 5119 at
689 5063 803 5118 addunt
819 5064 886 5118 ante
940 5065 1007 5118 cula
1020 5071 1054 5118 et.
1713 5128 1718 5139 Ι

50 5150 101 5206 per
110 5134 216 5205 eperia.
977 5136 1024 5203 (28
1053 5133 1141 5189 Cadd.
1157 5130 1236 5188 Colb.
1254 5134 1283 5188 et
1297 5131 1409 5203 Andeg.
1426 5131 1530 5187 catium
1545 5129 1727 5186 tubernaculi.

83 5205 143 5274 (2⁴)
160 5202 303 5260 Decraial.
328 5207 442 5277 perstiti,
464 5209 494 5262 et
509 5205 586 5262 ialra
616 5221 677 5278 pum
700 5210 741 5262 rat
757 5203 887 5273 superior
977 5207 1025 5276 (29
1054 5206 1151 5261 Veram
1165 5205 1193 5258 in
1209 5202 1363 5274 Demetai,
1380 5202 1498 5259 omissis
1511 5218 1575 5275 qua
1588 5202 1767 5273 praecedunt,

50 5291 104 5348 pro
119 5278 173 5347 qai
187 5284 229 5330 est
243 5292 385 5345 capranna.
940 5280 968 5333 et
982 5277 1059 5332 inira
1071 5279 1200 5332 virtutem
1222 5292 1274 5348 pro
1290 5274 1449 5332 veritatem.

85 5350 144 5417 (25)
162 5346 319 5415 Dasmini,
336 5365 396 5405 aare
405 5368 417 5415 ,·
441 5348 583 5405 omittunt
598 5348 674 5405 inira
687 5349 760 5419 cons.
779 5350 803 5403 ei
819 5362 843 5403 c.
858 5363 883 5402 e.
975 5350 1031 5420 (30)
1046 5348 1116 5404 God.
1133 5349 1200 5419 lteg.
1217 5346 1345 5418 recipias.

50 5434 73 5472 c.
91 5420 125 5473 P.
142 5435 184 5473 m.
199 5433 208 5481 ;
224 5422 255 5472 ei
268 5434 329 5489 erpo
343 5437 394 5493 pro
409 5435 470 5477 uero
491 5420 603 5493 legunt,
626 5424 654 5477 ei
677 5419 801 5477 interius
821 5435 884 5476 vere
973 5423 1029 5489 (31)
1043 5418 1197 5487 Decretal,
1208 5434 1296 5477 serves
1310 5427 1336 5475 et
1348 5417 1443 5491 socies.

53 5488 213 5560 praenim-
482 5536 487 5545 .
526 5538 533 5547 ,
698 5546 701 5551 4
973 5493 1031 5562 (532)
1047 5489 1198 5553 ararent..
1214 5491 1371 5548 historiam.

86 5561 148 5632 (26)
166 5557 308 5616 oaorem.
324 5563 387 5622 add.
403 5581 410 5621 :
427 5564 585 5639 anpaetti:
612 5564 689 5621 inira
717 5563 759 5621 eet
781 5560 884 5635 legunt
974 5563 1031 5637 (33)
1047 5564 1125 5621 Tart.
1142 5562 1272 5637 Cellect,
1283 5580 1400 5636 qaorum
1415 5562 1539 5620 ameriam
1556 5558 1714 5616 rationem.
