3780 6000
94 216 147 273 199
561 208 771 266 innocuum
790 208 830 264 111
849 210 902 264 PP.
922 207 1172 266 REGESTORUM
1191 211 1258 266 bur.
1280 212 1329 264 Vt.
1745 212 1798 268 200

94 346 194 413 tratres
212 347 237 399 et
250 353 357 396 sorores
370 338 481 410 propter
503 349 604 391 nomen
628 350 730 403 mcum,
757 331 914 404 centuplum
929 334 956 404 Α
971 348 1056 389 susm
1071 332 1183 406 impiis,
1200 335 1278 392 unde
1293 339 1376 392 tuum
1392 335 1568 409 sanguinem
1584 335 1619 393 dc
1635 351 1724 393 manu
1744 354 1796 395 no·

94 433 212 504 accipiet
228 431 257 486 in
273 428 322 485 toc
335 427 446 496 soeculo,
461 433 488 482 et
502 424 589 481 vitam
601 423 753 496 possidebit
766 432 914 482 aetmncm.
971 426 1032 479 stru
1048 425 1207 496 predicent
1221 425 1432 496 requirendum
1448 427 1485 481 eb
1501 440 1545 493 eo,
1559 425 1607 482 cul
1622 430 1651 484 te
1667 444 1721 484 nos
1746 427 1796 483 in-

94 523 136 603 'l'u
152 523 251 577 nutem
266 517 353 591 longe
368 515 453 573 aliter
468 514 606 571 retribuis
630 513 739 587 regines
760 513 914 586 preedictre,
972 511 1078 583 quiunt
1092 513 1265 586 pretulisse.
1284 516 1401 571 Addunt
1415 531 1544 588 quoque,
1556 516 1648 588 quod,
1661 516 1731 588 quia
1743 517 1797 572 tibi

94 624 195 685 quam,
212 607 351 681 quoniam
366 622 420 679 pro
434 610 463 662 te
479 602 914 675 universareliquit‚'relictum,
970 601 1060 659 nimie
1072 601 1340 675 placerevolumus.
1354 605 1412 662 Deo
1427 605 1476 677 qui
1492 622 1550 662 non
1568 605 1707 663 irridetur
1728 606 1795 677 plu·

94 694 641 769 eicntdiciturreputueetebjeectsm,
666 698 704 761 et,
734 693 764 748 iu
794 693 914 765 dispen·
971 691 1543 767 rimumdisplicemus,etquodabejus
1568 695 1681 751 semitis
1699 695 1793 751 deviu-

95 790 176 847 dium
190 794 246 845 tuae
263 786 357 853 ieme,
372 800 512 859 procuras
526 787 558 840 ut
572 786 668 840 tecum
692 782 826 839 rideatur
849 797 914 838 om·
971 795 1050 851 mus,
1066 782 1116 855 qui
1132 783 1238 839 usserit
1252 784 1288 839 de
1302 800 1333 840 se
1348 782 1422 856 ipso:
1434 783 1465 839 Si
1479 783 1636 839 bominibus
1646 786 1794 857 placerem,

95 879 144 936 uie
159 876 333 952 perdidisse.
971 870 1074 927 Christi
1087 887 1183 928 remus
1194 888 1247 930 nco
1262 889 1348 929 essem
1361 873 1430 945 (Gol.
1449 874 1479 944 r).
1500 872 1617 931 Pluceat
1630 873 1723 946 igitur
1738 873 1792 930 tibi

130 969 281 1035 ceterum,
297 964 353 1023 etsi
369 965 403 1021 ad
421 964 654 1035 compassionem
670 962 734 1033 ejus
750 960 822 1016 nihil
835 960 915 1016 aliud
970 961 1127 1018 consilium
1139 964 1284 1029 nostrum,
1301 961 1444 1019 eteiticias
1458 964 1536 1034 quod
1547 979 1715 1032 monemus,
1726 963 1793 1020 neis

93 1061 122 1113 to
137 1061 275 1124 moveret,
290 1055 345 1110 hoc
360 1052 465 1109 saltem
482 1053 559 1125 quod
576 1067 611 1108 ex
621 1050 711 1124 reguli
726 1049 915 1123 prosepinge·
971 1049 1021 1121 qui
1037 1048 1175 1107 luboruus
1190 1051 1316 1108 sustinet
1331 1056 1360 1108 ct
1372 1052 1479 1107 tacitus
1491 1056 1572 1108 tuam
1582 1053 1792 1109 correctionem

93 1145 156 1200 nite
170 1142 231 1216 regi
246 1142 359 1214 nupsit,
374 1146 402 1197 te
417 1141 556 1197 inducero
571 1139 731 1205 debuisset,
750 1142 782 1192 ut
797 1135 914 1192 nonad·
970 1144 1113 1212 espectet,
1128 1140 1152 1196 si
1164 1140 1254 1197 semel
1270 1140 1364 1197 iretus
1381 1141 1476 1210 luerit,
1492 1141 1599 1214 cupiet,
1614 1157 1667 1197 nec
1683 1142 1723 1197 sit
1743 1141 1793 1213 qui

92 1233 177 1289 deren
193 1231 379 1289 afflictionem
396 1229 522 1297 atllictae,
533 1245 586 1285 nec
597 1229 633 1298 ei,
645 1226 832 1283 cuidebitum
844 1224 914 1280 sub·
970 1229 1084 1302 eripiat,
1102 1229 1146 1285 vol
1162 1230 1429 1301 ejusiracundiaese
1441 1235 1580 1302 opponet.
1591 1229 1739 1303 Alioquin,
1752 1230 1794 1286 ul·

91 1320 184 1378 trnbis
198 1319 363 1394 conjugale,
379 1318 507 1392 regutem
522 1315 776 1374 honorificentiam
792 1315 823 1370 in
849 1312 914 1370 aliia
969 1318 1062 1376 terius
1077 1334 1134 1374 non
1147 1319 1308 1391 poterimus
1318 1320 1383 1391 ejus
1393 1319 1583 1376 dissimulare
1595 1319 1755 1388 miseriem,
1767 1325 1795 1375 et

92 1412 252 1485 denegares
265 1435 272 1477 ;
288 1410 338 1466 sed
349 1408 414 1480 ejus
424 1406 528 1465 saltem
540 1404 850 1478 obtentu,quinutlum
863 1404 913 1459 bo·
969 1410 1080 1465 tuntum
1095 1408 1146 1464 Dei
1161 1411 1190 1465 et
1205 1408 1369 1481 apostolice
1382 1408 1472 1480 sedis,
1487 1409 1547 1464 imo
1562 1408 1650 1465 etiem
1666 1408 1794 1466 ecclesius

92 1500 417 1557 numirremuucratum
430 1495 562 1565 dimittit,
574 1500 603 1551 et
617 1494 733 1551 uultum
743 1492 854 1550 malum
869 1493 915 1548 de·
969 1496 1113 1570 generalis
1128 1497 1268 1569 injurium
1284 1498 1314 1554 in
1329 1497 1471 1570 patieutis
1486 1497 1643 1568 sustinere,
1659 1497 1710 1554 scd
1725 1497 1794 1554 abe·

92 1589 439 1662 seritimpunitnm,eam
450 1586 571 1642 deberes
582 1585 912 1658 regaliterpertrsctare.
969 1602 1026 1658 que
1041 1602 1234 1660 personarum
1250 1587 1419 1660 acceptione
1435 1587 1523 1644 nificii
1538 1587 1631 1643 nostri
1659 1587 1793 1643 debitum

91 1676 173 1743 Quo‘d
189 1677 214 1734 si
231 1692 283 1732 nec
298 1676 377 1732 istud
387 1677 519 1747 tangeret
528 1673 686 1730 eitlceciter
696 1676 819 1729 montem
830 1677 913 1727 tuam
928 1701 951 1765 B
968 1692 1175 1749 exsequemur,
1192 1691 1249 1733 uon
1267 1677 1302 1733 de
1318 1677 1468 1733 mundana
1479 1677 1619 1750 potentia,
1632 1678 1683 1734 sed
1703 1677 1738 1733 de
1750 1677 1793 1732 di-

90 1768 126 1823 od
136 1766 254 1823 iteratus
270 1764 378 1838 sepius
393 1780 493 1837 preces
508 1771 623 1820 nostras
638 1779 687 1820 oor
702 1766 787 1819 tuum
810 1760 914 1818 molle·
968 1766 1034 1822 sinu
1048 1766 1155 1823 virtute
1170 1765 1284 1836 contisi,
1299 1766 1377 1838 quia,
1394 1767 1418 1822 si
1434 1765 1578 1824 Dominus
1602 1766 1692 1823 tuerit
1706 1767 1793 1824 nobis

89 1871 171 1913 scere
187 1854 346 1924 debuisset,
371 1858 405 1909 ut
432 1870 489 1909 nou
519 1853 616 1910 solum
645 1851 775 1924 reginem
804 1850 912 1922 ipsam,
967 1857 1096 1928 edJutor,
1114 1874 1171 1914 non
1187 1855 1360 1914 timebimus
1375 1857 1447 1930 quid
1472 1859 1560 1914 iaciat
1582 1857 1667 1914 nobis
1692 1856 1792 1915 horno.

19 1950 22 1954 '
89 1946 322 2002 sedextraneam
335 1938 914 2015 quemlibetetabjeetam,tractaribo·
1002 1945 1109 2002 Datum
1125 1946 1368 2016 sanguineam.
1386 1947 1567 2003 Decembris.

89 2032 204 2088 nestius
216 2032 326 2087 luceres
340 2035 369 2086 et
381 2029 511 2102 emplius
521 2029 669 2087 honorari.
682 2030 737 2085 Sed
745 2044 820 2094 ecce,
829 2029 915 2099 prout
1245 2036 1405 2093 chxxm
1425 2038 1508 2111 (397),

90 2119 209 2193 publica
220 2120 299 2177 fama
314 2119 431 2190 Clamat,
447 2117 550 2174 9919999
565 2124 611 2176 Ost
625 2119 703 2175 Sicut
715 2116 866 2189 tugurium
883 2115 912 2169 in
1178 2142 1316 2182 fflffflsspqu
1335 2143 1567 2184 Ancpngpqscow,

89 2210 301 2277 θῦθῦωθΐᾶῐῑῦ»
317 2213 347 2265 θῑ
362 2208 440 2264 θῑθΰῑ
454 2223 557 2280 limeli
585 2208 689 2264 ὓῡῑῦὓθ
711 2207 741 2262 ῑῦ
769 2205 911 2273 ῑθᾶίῐῖθῑῠὶ
966 2213 1053 2286 Super·
1068 2215 1153 2287 poenis
1167 2213 1276 2270 clericis
1286 2216 1409 2285 praviter
1419 2216 1611 2271 excedentibus
1622 2214 1791 2286 inpliqcudr's.

91 2316 148 2357 non
165 2297 291 2372 regalem
308 2297 358 2355 sed
376 2313 534 2370 pauperem
550 2298 641 2353 vitam
658 2295 748 2364 ducit,
766 2295 807 2351 ite
822 2299 912 2351 utte-
1142 2301 1301 2374 (Anagnis,
1319 2318 1346 2357 ιν
1361 2302 1402 2357 Id.
1420 2301 1610 2375 Decembris.)

90 2392 157 2449 deut
171 2391 301 2447 unimam
317 2389 382 2461 ejus
396 2388 464 2445 vitm
478 2405 548 2455 suae,
565 2405 598 2446 uc
613 2386 733 2444 dissolvi
758 2387 867 2459 cupiat,
884 2391 914 2443 et
1000 2389 1049 2460 [Ut
1062 2391 1144 2446 samse
1158 2393 1226 2461 tue]
1240 2390 1377 2447 eonsules
1393 2394 1422 2447 et
1437 2390 1536 2460 saluti,
1551 2389 1631 2448 etelo
1643 2390 1791 2448 malorum

91 2478 176 2536 metit
190 2493 331 2537 essecum
343 2476 557 2548 Christoquam
569 2477 599 2532 in
615 2480 712 2532 castro
723 2476 911 2546 Stumparum
964 2479 1118 2537 audacium
1134 2479 1325 2551 comprimas,
1340 2483 1366 2536 et
1383 2479 1419 2536 ub
1435 2480 1634 2537 eisbonorum
1650 2480 1790 2537 innocen·

90 2574 230 2642 tanquam
241 2567 271 2624 in
282 2564 442 2640 ergastulo,
455 2566 607 2633 macerari,
617 2564 666 2620 ubi
678 2564 728 2636 qui
741 2580 805 2620 eum
816 2577 912 2619 come·
963 2569 1036 2626 tium
1051 2569 1172 2638 tuearis,
1188 2585 1278 2641 super
1287 2568 1334 2625 bis
1347 2585 1400 2624 nos
1411 2568 1562 2625 humiliter
1571 2569 1713 2639 consulis,
1725 2587 1791 2642 qum

89 2659 164 2716 duni
178 2673 236 2714 ¹101]
253 2655 415 2723 dormiunt,
431 2654 519 2726 etqui
535 2654 599 2726 ejus
614 2657 684 2711 59οῑ
695 2652 856 2709 [1191918ῐὶ0
867 2649 911 2706 vel
964 2658 1094 2714 osticium
1110 2657 1256 2730 pestorsle
1267 2657 1452 2730 contingunt,
1467 2663 1499 2714 ut
1511 2658 1545 2714 de
1556 2663 1790 2730 nostrereapon·

90 2747 215 2804 miserius
231 2744 330 2818 potius
346 2743 487 2817 deputati,
501 2747 629 2800 mentem
646 2744 710 2815 ejus
724 2741 830 2814 lingum
852 2757 911 2797 eure
964 2746 1343 2817 sionesecurus,in1unctm
1361 2746 1412 2802 tibi
1427 2745 1638 2803 sollicitudinis
1654 2747 1789 2803 debitum

88 2836 196 2910 sagitta
206 2834 396 2907 transfigunt,
411 2834 482 2889 dum
497 2832 528 2888 in
537 2832 671 2905 potumei
684 2831 909 2905 propinantuce-
963 2832 1338 2906 laudabiliterexsequaris.
1350 2833 1790 2908 [Senetaooosdueit,srotemi·

87 2930 162 2997 tum,
180 2928 209 2981 et
223 2940 275 2996 pro
291 2923 654 2996 pnuelepidemetproovo
665 2920 819 2993 porrigunt
831 2936 910 2975 seor·
963 2923 1206 2994 tuscoruutendos,
1217 2922 1502 2994 (398)utrumclerici
1513 2924 1791 2997 graviterexceden-

88 3016 217 3087 pionem,
233 3013 284 3068 ubi
298 3013 387 3069 etium
403 3028 456 3067 nec
466 3011 578 3067 nuntiis
593 3010 691 3066 trntris
707 3008 762 3080 sui,
779 3006 910 3064 necreli·
967 3016 1022 3082 tes,
1039 3012 1088 3084 qui
1103 3018 1167 3069 tute
1181 3029 1238 3069 non
1251 3017 1372 3085 possent
1388 3013 1574 3070 monasteriis
1589 3014 1625 3070 ed
1640 3015 1787 3086 agendum

88 3102 180 3176 glosis
194 3101 275 3168 virle,
291 3106 342 3158 sut
358 3099 485 3174 prelatis
499 3099 587 3156 etiam
603 3097 685 3172 regni
700 3098 743 3154 tui
772 3097 846 3153 liber
873 3096 908 3152 ei
938 3095 1168 3172 ‘poenitentium
1185 3103 1329 3174 deputari,
1347 3101 1497 3173 quoniam,
1526 3117 1593 3157 cum
1613 3117 1670 3158 uon
1694 3103 1789 3174 poeni·

87 3192 182 3264 ipsum
195 3194 274 3264 patet
288 3205 438 3259 accessus,
454 3204 507 3245 nec
523 3193 619 3260 potest
643 3204 706 3244 eam
730 3185 854 3259 quilibet
879 3185 909 3240 iu
962 3193 1044 3246 leant
1054 3190 1089 3247 de
1099 3191 1277 3259 commissis,
1291 3191 1507 3263 opportunitate
1519 3191 1648 3263 fugiendi
1660 3195 1787 3264 captata,

86 3284 169 3338 tanta
183 3279 322 3336 moestitia
336 3277 493 3336 consolari.
510 3278 629 3336 Utinam
646 3279 735 3351 igitur
750 3277 792 3334 sic
807 3277 832 3334 ei
852 3276 910 3332 bu·
963 3295 1108 3336 carcerem
1118 3279 1240 3336 claustri
1252 3281 1398 3352 tugerent,
1414 3284 1443 3336 et
1454 3280 1602 3352 prioribus
1613 3297 1645 3337 se
1666 3280 1786 3338 sceleri-

82 3369 215 3442 jusmodi
231 3368 356 3425 miseriae
374 3367 517 3424 morietur
528 3367 599 3441 (sic),
616 3367 693 3439 quod
708 3367 774 3439 ipse
797 3366 827 3422 in
856 3364 910 3421 bac
964 3368 1540 3438 busecelestiusimmiscerent,atevel
1562 3368 1628 3425 eliis
1658 3368 1788 3441 prelatis

86 3458 206 3517 miserie
220 3474 278 3514 non
294 3458 427 3527 decedet,
444 3472 496 3513 neo
512 3473 580 3513 eum
596 3458 673 3529 apud
686 3455 911 3512 homineedece·
963 3457 1026 3515 suls
1043 3462 1129 3514 ercle
1145 3458 1261 3530 possint
1276 3459 1416 3514 custodiae
1431 3459 1616 3531 mancipari]
1633 3462 1662 3514 et
1687 3464 1787 3516 utrum

87 3549 161 3605 dens
176 3547 309 3614 intumet,
327 3546 378 3619 qui
392 3561 482 3602 cause
497 3545 644 3602 diceretur
656 3545 873 3615 mortisipsius,
885 3544 910 3599 si
963 3546 1243 3613 luici,siclericosin
1256 3547 1373 3618 mugnis
1383 3547 1544 3604 sceleribus
1555 3546 1787 3620 deprehendent,

87 3639 467 3710 hootemporemorcretur
493 3636 635 3708 quoniam
655 3651 713 3691 non
743 3636 910 3691 crederetur
963 3637 992 3693 in
1009 3652 1151 3693 canonem
1168 3636 1298 3692 incidunt
1310 3637 1461 3693 sententiae
1477 3635 1679 3709 promulgate,
1709 3652 1789 3706 cum,

87 3730 204 3785 mortue
219 3725 395 3798 simplieiter
411 3726 461 3781 sed
477 3725 584 3782 occisal
600 3724 911 3795 ttonemusigiturse·
964 3741 1016 3782 nec
1032 3725 1289 3796 comprehendere,
1306 3741 1358 3780 nec
1369 3725 1402 3781 ed
1420 3725 1538 3796 judices
1567 3723 1684 3781 trahere
1710 3724 1790 3797 ipsos

87 3817 242 3874 renitatem
258 3814 381 3887 regium,
394 3816 423 3870 ct
435 3813 588 3870 hortamur
603 3813 744 3869 attentius
760 3813 788 3868 in
811 3812 910 3869 Domi·
963 3814 1086 3887 possint,
1105 3815 1160 3869 nisi
1178 3830 1284 3870 manus
1300 3815 1329 3869 in
1345 3830 1394 3870 eos
1412 3813 1567 3886 injecerint
1582 3813 1735 3871 violentas.
1746 3813 1789 3869 Ad

85 3902 647 3978 nc,qnetcnus,famaeluaeconeuleus
667 3906 696 3959 et
722 3901 820 3970 soluti,
850 3901 909 3956 vim
963 3905 1091 3977 primum
1109 3904 1549 3976 igiturlrcepondemus,quod
1580 3918 1647 3959 cum
1675 3902 1789 3975 prelati

87 3996 179 4055 incias
193 3995 247 4053 tibi
262 3994 331 4069 ipsi,
346 3998 376 4051 et
391 4010 457 4050 cum
474 3994 578 4051 tortior
593 3994 632 4050 eit
643 3993 760 4065 sepiens
772 3992 910 4048 viroiorti
963 4009 1100 4051 excessus
1114 3992 1258 4065 corrigere
1268 3992 1394 4049 debeant
1405 3991 1603 4049 subditorum.
1616 3995 1645 4048 et
1665 3991 1789 4064 publice

87 4086 181 4158 etqui
198 4085 366 4143 dominetur
383 4084 480 4141 unimo
496 4100 550 4141 suo
566 4086 764 4156 expugnatore
779 4083 909 4151 urbium,
964 4081 1145 4139 auctoritatis
1157 4080 1283 4152 intersit,
1300 4097 1335 4138 ne
1355 4080 1480 4138 crimina
1496 4085 1669 4137 remaneant
1690 4080 1790 4154 impu·

88 4176 221 4233 unimum
236 4180 322 4232 tuum
332 4175 444 4246 uinces,
461 4176 496 4232 de
511 4175 565 4231 hac
579 4175 701 4231 victoria
712 4173 806 4247 magis
821 4188 910 4244 quum
964 4171 1035 4242 nita,
1045 4175 1071 4229 et
1083 4188 1135 4243 per
1145 4169 1329 4243 impunitatis
1337 4169 1490 4226 audaciam
1504 4170 1588 4242 irent,
1600 4171 1650 4242 qui
1660 4183 1789 4242 nequem

87 4266 124 4322 dc
138 4263 251 4321 coeteris
262 4264 526 4336 commendandus,
536 4267 565 4320 et
575 4262 910 4336 faciensquodammodo
965 4262 1091 4327 tuerent,
1106 4258 1273 4331 nequiores,
1285 4276 1342 4315 non
1359 4257 1457 4315 solum
1474 4263 1610 4331 possunt,
1621 4259 1672 4316 sed
1683 4259 1791 4315 debent

87 4353 123 4410 de
133 4351 308 4410 necessitate
322 4352 470 4420 virtutem,
486 4351 618 4425 reginem
645 4353 751 4425 ipsam,
781 4352 857 4409 siout
882 4354 910 4406 te
964 4349 1053 4406 etiem
1068 4348 1235 4420 superiores
1245 4347 1366 4405 clericos
1377 4346 1454 4419 illos,
1466 4351 1623 4420 postquam
1635 4347 1744 4404 tuerint
1754 4348 1791 4404 de

88 4442 170 4499 dccet
185 4446 214 4499 ct
224 4457 300 4512 eum,
313 4440 404 4514 reguli
415 4441 736 4498 teciasbonoritrcentis
751 4444 911 4514 pertracte-
926 4415 952 4479 Ῑ)
966 4439 1089 4496 crimine
1103 4438 1242 4495 canonice
1257 4436 1456 4506 condemnati,
1472 4438 1527 4493 sub
1548 4442 1629 4494 arcta
1657 4437 1790 4495 custodie

87 4531 121 4587 rn'.
137 4530 291 4604 sicigitur
306 4529 911 4603 consiliisnostriselmonitisaequiescus
967 4531 1107 4599 detinere,
1122 4529 1184 4600 qui,
1200 4544 1268 4585 oum
1286 4527 1346 4584 sint
1360 4526 1587 4600 incorrigibiles,
1603 4542 1657 4585 nee
1671 4527 1702 4584 in
1729 4544 1790 4584 mo·

87 4620 165 4693 quod
184 4619 314 4676 divinem
330 4619 420 4676 evites
436 4620 589 4690 offensam,
605 4623 634 4678 et
648 4619 766 4693 linguas
789 4619 912 4692 effugies
967 4618 1103 4677 nasteriis
1116 4617 1231 4674 uelesnt
1246 4616 1399 4685 custodiri,
1413 4616 1449 4672 nd
1462 4615 1571 4672 similia
1585 4618 1631 4672 vel
1642 4616 1743 4689 pejore
1755 4617 1791 4673 de

88 4709 477 4777 detractorum,ueoinnos
496 4726 598 4767 eorum
628 4727 678 4768 orn
707 4711 829 4778 relaxes,
859 4708 911 4781 qui
967 4706 1232 4766 incilitaberentur.
1250 4704 1790 4762 Leicivcroeitraexcommunicatio·

87 4798 271 4873 negligentiae
283 4804 388 4857 nostre
404 4804 486 4858 tuum
501 4801 641 4859 duritiam
655 4800 813 4874 imputant,
830 4816 912 4857 asse·
967 4799 1013 4854 nis
1029 4796 1204 4854 sententium
1219 4810 1322 4866 cepere
1333 4793 1463 4862 clericos,
1480 4797 1510 4849 et
1521 4793 1713 4865 adjudicium
1727 4800 1790 4850 tra·

87 4888 278 4965 centesquod
296 4890 662 4964 patientianostradedie
682 4891 712 4946 in
741 4891 818 4947 diem
848 4906 910 4947 sm·
968 4889 1034 4943 bere
1049 4887 1196 4957 poterunt,
1212 4882 1237 4938 si
1262 4886 1394 4953 oporteat
1422 4884 1510 4939 etium
1538 4881 1690 4947 violenter,
1718 4884 1789 4939 dnm

87 4977 166 5051 plius
181 4977 218 5035 ad
232 4976 478 5046 impoenitentiam
490 4983 518 5036 te
532 4980 663 5037 adducit.
690 4980 763 5036 Ecce
790 4979 910 5051 etenim,
965 4980 1065 5033 tumen
1076 4972 1113 5029 de
1124 4971 1262 5028 mandute
1277 4972 1306 5028 id
1323 4970 1432 5027 iaciunt
1446 4968 1647 5044 prelatorum,
1663 4987 1789 5044 quorum

88 5066 268 5141 improperia
283 5085 335 5141 pro
346 5073 374 5126 te
386 5068 471 5126 nobis
482 5069 720 5143 exprobrantium
725 5069 836 5142 jugiter
846 5084 910 5124 sus·
966 5065 1008 5121 illi
1023 5066 1094 5121 sunt
1104 5059 1304 5132 jnrisdictioui
1319 5059 1456 5131 subjecti,
1468 5062 1497 5116 et
1507 5076 1633 5133 quorum
1646 5061 1790 5118 estcorri·

86 5156 228 5228 binemus,
243 5156 417 5226 dicentium,
433 5159 522 5230 quod,
550 5162 689 5231 tanquam
719 5174 807 5214 cauce
836 5157 909 5213 muti
964 5170 1033 5228 gere
1047 5151 1242 5218 criminosum
1259 5165 1326 5207 cum
1341 5149 1396 5207 boe
1409 5166 1467 5207 non
1483 5148 1552 5222 ipsi,
1568 5150 1619 5206 sed
1636 5148 1692 5221 illi,
1715 5165 1790 5223 quo·

85 5260 144 5304 nou
164 5245 296 5304 valentes
309 5245 494 5317 lutrare,uon
507 5247 910 5319 annuntiamusimpietatcm
965 5260 1030 5300 rum
1046 5239 1218 5299 auctoritate
1233 5240 1263 5295 id
1281 5240 1403 5306 iaciunt,
1414 5238 1509 5295 iecere
1521 5237 1679 5295 videantur
1695 5256 1703 5309 ς
1719 5240 1791 5296 duur

121 5410 197 5482 (397)
212 5411 322 5479 Exstat,
339 5410 389 5465 scd
406 5409 521 5480 mutila,
537 5410 614 5467 inter
630 5410 802 5467 [iceretnles.
823 5407 864 5465 lib
879 5426 908 5465 v.
964 5407 1111 5480 leguntur,
1122 5401 1170 5458 bic
1183 5400 1266 5457 uncis
1277 5399 1392 5458 inclusa
1402 5405 1472 5457 eunt
1484 5417 1491 5469 ς
1502 5400 1792 5459 varleetinmtectlo·

86 5480 133 5537 tit.
149 5480 195 5537 39.
211 5482 248 5538 De
269 5483 405 5538 sententia
432 5481 740 5551 excommunicationis,
770 5496 833 5552 cop.
863 5482 908 5551 35,
965 5494 1017 5536 nes
1033 5477 1149 5532 dentur.
1428 5542 1433 5553 Ι

87 5551 136 5609 ubi
151 5552 278 5627 episeopo
293 5552 469 5611 londonensi
481 5554 591 5612 directe
606 5554 723 5611 dieitur.
753 5553 820 5618 oure
850 5552 910 5609 illic
999 5546 1063 5623 (398
1078 5546 1110 5603 tn
1124 5546 1248 5613 Decret,
1265 5543 1432 5602 consuluisti
1447 5559 1506 5601 nos.
