3780 6000
64 265 122 321 253
571 268 834 325 eoarfflcaxue
856 265 955 320 ΔΝΝΟ
973 265 1021 333 v1,
1040 266 1182 321 onerant
1203 262 1284 319 1203.
1729 266 1784 323 ‘25⁴

66 390 246 462 scriptorem
261 389 292 445 in
307 390 428 446 fratrem
439 393 469 446 et
483 388 895 461 canonicnmreccpturos,si‚
910 387 938 454 Α
954 384 1067 442 nullum
1099 384 1306 460 prejudicium
1330 385 1413 443 vobis
1439 389 1541 443 contra
1568 386 1784 462 indulgentiam

67 478 484 553 predictaindulgentianon
507 480 654 549 obstante,
682 480 782 552 ipsum
812 478 901 549 recipi
955 481 1083 532 vestram
1100 477 1129 530 iu
1147 480 1297 548 posterum
1314 475 1451 531 velumus
1480 476 1625 548 generari.
1650 477 1731 541 Quod
1758 478 1784 534 si

68 569 291 624 mandaremus.
956 582 1009 621 nec
1026 567 1203 621 nuncetiam
1215 565 1293 637 quod
1311 565 1468 620 scribimus
1488 565 1660 621 curaveritis
1689 566 1783 622 adim-

100 657 197 714 Nobis
221 672 338 729 quoque
366 673 418 729 per
445 662 559 715 vestras
584 658 697 714 litteras
726 656 898 724 intimastis,
954 654 1043 727 plere,
1060 653 1199 711 noveritis
1210 671 1264 710 nos
1279 653 1390 710 eisdem
1407 656 1630 711 exsecutoribus
1646 670 1698 727 per
1713 671 1783 727 apo-

65 748 157 819 qnod,
173 763 243 803 cum
255 746 313 803 duo
324 762 359 803 ex
371 747 578 803 concanonicis
592 747 698 803 vestris
713 746 898 819 prebendam
953 743 1056 800 stolica
1071 744 1182 816 scripta
1198 743 1330 799 districte
1345 743 1540 815 precipiendo
1558 744 1783 813 mandassent

64 835 597 900 ineademecclesianonhaberent,
614 835 802 892 altereornm
824 851 897 906 pre·
953 832 1011 904 lpsi
1035 835 1208 889 mandatum
1237 831 1443 904 apostolicum,
1472 831 1592 887 sublato
1622 832 1783 903 cujuslibet

64 926 192 981 bendam
205 929 436 982 vacantcmcum
451 924 897 997 instantiapostulabat,ndden·
954 922 1195 978 contradictionis
1216 927 1246 976 et
1274 919 1479 992 appellationis
1507 921 1669 991 obstaculo,
1698 936 1781 977 exae-

63 1019 105 1071 tce
117 1015 200 1086 quod
217 1020 277 1071 tres
289 1031 324 1070 ex
337 1015 422 1071 vobis
437 1014 609 1086 prebendas
620 1014 649 1068 in
661 1014 762 1069 eadem
773 1012 898 1069 ecclesia
952 1015 1093 1083 quantur,
1110 1011 1350 1074 contradictores,
1368 1009 1392 1064 si
1409 1011 1459 1082 qui
1482 1009 1602 1078 luerint,
1619 1014 1671 1065 aut
1686 1010 1779 1068 rebel·

63 1104 236 1176 pertaedeat
261 1102 451 1175 apostolicam
474 1104 590 1160 inerant
608 1103 746 1159 assecuti.
776 1102 896 1172 Verum,
951 1102 1004 1168 les,
1022 1119 1074 1175 per
1088 1101 1291 1175 suspensionis
1307 1102 1344 1156 ab
1359 1101 1454 1156 allicio
1479 1104 1508 1156 et
1523 1100 1663 1156 beneficio
1679 1106 1709 1157 et
1731 1119 1781 1159 ex·

63 1192 132 1264 qnia
147 1191 418 1261 nuntinsejusdem
444 1192 597 1263 scriptoris
624 1190 774 1263 proposuit
796 1206 896 1246 coram
951 1193 1227 1248 communicationis
1243 1192 1402 1248 sententias
1427 1197 1656 1262 compescentes.
1687 1192 1781 1247 'lanto

60 1282 158 1345 nobis,
178 1281 257 1351 quod
285 1282 439 1353 prebenda
468 1281 534 1350 ipsa
556 1281 660 1337 tandiu
680 1281 743 1350 jam
769 1284 894 1348 vacarat,
951 1288 1049 1339 autem
1066 1283 1209 1339 ferremus
1237 1282 1398 1349 molestius,
1428 1282 1452 1336 si
1480 1287 1581 1337 contra
1606 1282 1778 1338 mandatnm

61 1370 137 1442 quod
152 1370 193 1426 ad
207 1369 268 1426 Nos
283 1370 348 1440 ejus
364 1370 460 1425 luerat
474 1369 594 1425 donatio
610 1370 757 1436 devoluta,
788 1385 825 1423 ne
848 1384 895 1423 re·
951 1376 1084 1428 nostrum
1102 1372 1211 1443 aliquid
1228 1369 1364 1443 ageretis,
1382 1375 1491 1442 quanto
1508 1387 1566 1425 non
1594 1374 1654 1427 tam
1680 1371 1776 1427 cidem

60 1463 195 1515 maneret
210 1457 290 1531 quod
306 1459 455 1515 desudem
469 1457 784 1529 scriptoreincoeptum
801 1458 896 1512 luerat
950 1462 1086 1533 scriptori
1110 1468 1210 1517 nostro
1235 1477 1323 1533 quam
1352 1458 1437 1515 uobis
1461 1459 1633 1515 videremini
1657 1460 1774 1532 turpius

58 1548 252 1621 inexpletum,
268 1546 352 1603 vobis
367 1547 565 1619 precipiendo
577 1546 795 1611 mandavimus,
811 1552 853 1613 ut,
867 1545 892 1601 si
949 1549 1088 1617 illusisse,
1105 1550 1141 1619 si,
1158 1566 1225 1605 cum
1243 1548 1382 1605 mandato
1398 1552 1499 1604 nostro
1514 1547 1605 1604 semel
1621 1551 1649 1604 ct
1668 1547 1777 1605 iterum

59 1635 216 1708 prebende
233 1635 298 1707 ipsc
310 1635 413 1691 tandiu
425 1635 597 1699 vasstvltseb
613 1635 720 1707 ipsam,
731 1639 759 1690 et
769 1634 892 1690 stallum
947 1656 999 1696 vos
1015 1639 1157 1696 duxeritis
1173 1638 1374 1711 exponendos,
1390 1654 1467 1693 nunc
1483 1636 1554 1693 illud
1571 1636 1691 1709 exsequi
1720 1638 1775 1694 dii·

58 1724 85 1781 in
99 1724 193 1781 choro
208 1728 239 1781 et
253 1722 350 1780 locum
365 1723 395 1779 in
405 1723 533 1795 capitulo
545 1724 696 1795 assignare
706 1723 802 1795 ipsius
813 1739 890 1779 nnu-
906 1755 929 1820 B
949 1730 1073 1786 terretis.

58 1814 95 1870 tio
115 1811 278 1880 curaretis,
303 1828 393 1884 super
417 1812 471 1869 boc
496 1812 644 1884 predictis
668 1813 890 1869 exsecutoribus
979 1819 1037 1873 ma
1050 1819 1185 1888 scriptam
1199 1819 1277 1874 actia
1291 1817 1384 1874 codem
1396 1820 1457 1888 [ere
1472 1816 1564 1883 raeda,
1579 1833 1665 1888 usquc
1691 1833 1772 1873 com·
1859 1814 1862 1821 ’

58 1902 240 1975 exsequendi
254 1901 471 1966 auctoritatam,
487 1905 515 1958 ct
537 1902 742 1974 compescendi
764 1918 814 1957 cos
838 1900 887 1972 qui
945 1912 1106 1980 pascentes.
1123 1907 1231 1963 Taliter
1255 1908 1345 1977 igitur
1374 1908 1546 1962 mandatum
1577 1908 1771 1979 apostolicum

59 1991 243 2059 resisterent,
260 1991 461 2047 concedentes.
478 1993 632 2059 Ceterum,
649 1990 777 2062 predicti
797 1989 889 2046 abbas
944 1994 1157 2067 impleatis,ne
1179 1995 1392 2065 provisiodicti
1422 1994 1586 2066 scriptoris,
1618 2011 1682 2067 que
1711 2011 1771 2051 non

59 2078 317 2143 Boscoldun⁰¹18582
335 2085 363 2134 cl
365 2119 472 2135 ·····
485 2079 660 2150 preposilut
672 2078 822 2146 0111011θί8,
839 2094 890 2148 per
945 2086 1056 2156 absque
1072 2083 1249 2157 negligentia
1263 2088 1361 2140 vestra
1373 2082 1462 2139 dilata
1477 2084 1592 2139 videtur
1607 2083 1773 2155 hucusque,

59 2184 122 2225 snas
138 2167 235 2225 nobis
249 2166 365 2224 litteras
380 2168 567 2234 intimarunt,
583 2168 661 2239 quod
682 2184 749 2224 cum
774 2182 888 2223 coexse·
944 2174 1067 2229 ulterius
1084 2173 1245 2239 dilleratur,
1263 2190 1315 2229 nec
1332 2188 1384 2229 nos
1400 2173 1435 2228 de
1465 2177 1568 2228 cetero
1595 2190 1686 2246 super
1714 2172 1769 2230 boc

58 2262 135 2313 cntor
149 2272 260 2313 eorum
276 2256 419 2313 interesse
433 2274 491 2313 non
507 2263 619 2328 posset,
630 2256 821 2312 libredunum
834 2256 889 2328 ipsi
943 2264 1070 2320 seribere
1085 2262 1307 2334 compellamur.
1324 2262 1406 2326 Quod
1430 2262 1455 2318 si
1471 2278 1528 2316 non
1558 2278 1695 2318 omnes...
1712 2262 1771 2318 dno

56 2348 163 2418 pariter
179 2350 393 2413 convenerunt,
418 2345 480 2413 ubi,
508 2345 710 2418 repetentibus
734 2345 817 2401 vobis
842 2362 889 2401 ex·
941 2356 1083 2417 vestrum,
1097 2357 1154 2408 etc.

57 2436 207 2507 captiones
224 2433 392 2506 predictas,
406 2439 435 2490 ct
455 2433 685 2506 proponentibus
713 2450 809 2490 coram
835 2434 888 2505 cis,
977 2441 1083 2497 Datum
1096 2441 1245 2511 Anagniae,
1258 2457 1288 2496 ιν
1300 2445 1374 2497 Non.
1391 2440 1552 2506 Februarii,
1578 2439 1771 2510 pontificatus

57 2527 109 2579 tam
126 2539 224 2595 super
235 2522 422 2578 institutione
433 2522 560 2591 numeri,
576 2539 665 2594 quam
683 2523 747 2595 ejus
762 2523 890 2596 comple·
942 2530 1034 2586 nostrl
1050 2547 1128 2586 anno
1144 2535 1236 2587 sexto.

57 2611 128 2668 tione
139 2615 173 2667 et
183 2610 378 2684 indulgentie
388 2612 520 2681 veritate,
532 2612 587 2668 init
597 2611 639 2668 eis
650 2612 800 2668 sulliciens
811 2612 889 2669 facta
1285 2618 1423 2676 CCXXll.

58 2700 136 2771 idea,
153 2702 185 2756 in
201 2717 326 2757 numero
342 2705 441 2757 tamen
458 2702 521 2773 ipso
546 2702 673 2772 quodam
695 2702 841 2773 episcopo,
861 2704 889 2757 et
1100 2722 1323 2763 recutemscoro
1344 2722 1503 2763 cuasarum
1524 2706 1610 2779 (183).

57 2791 142 2847 fl⁰blli
160 2791 238 2856 νἱῐθ.
254 2789 289 2847 R·
304 2791 341 2846 de
366 2789 523 2863 Bellotlwo,
548 2796 577 2846 el
603 2791 731 2862 quodem
760 2791 887 2863 regulari
940 2795 1120 2867 Ncuntiqaas
1144 2795 1279 2853 Ecclesiae
1301 2810 1361 2852 sae
1384 2795 1594 2851 consuetudines
1619 2802 1767 2866 permutet.

56 2880 197 2936 canonico
209 2879 399 2951 computatis.
417 2879 556 2936 Constitit
570 2896 687 2952 quoque
702 2879 786 2952 ipsis,
812 2880 888 2936 sicut
1134 2885 1295 2957 (Anagnie,
1310 2884 1385 2940 Non.
1398 2884 1579 2955 Februarii.)

56 2983 102 3038 per
116 2968 243 3024 easdem
260 2969 344 3024 noble
360 2968 473 3024 litteras
491 2967 682 3037 intimarunt,
706 2969 784 3041 quod
808 2968 887 3026 diota
974 2978 1008 3031 ln
1022 2975 1147 3031 diversis
1167 2974 1305 3030 llcclesiis
1321 2973 1442 3029 diverse
1466 2973 1698 3029 consuetudines
1720 2974 1775 3029 ob·

55 3059 214 3129 prebenda
228 3059 403 3130 tandiujam
422 3065 549 3129 vacarat,
573 3060 650 3130 qnod
678 3060 713 3115 ad
739 3076 793 3115 noa
819 3060 884 3130 eius
941 3070 1107 3131 servantur,
1124 3064 1201 3120 sicut
1215 3068 1267 3119 tua
1291 3063 1428 3120 discretio
1451 3078 1508 3118 non
1539 3063 1668 3134 ignorat,
1698 3078 1773 3134 quae

54 3155 113 3204 erat
136 3149 261 3204 donatio
274 3149 421 3205 devoluta.
439 3152 509 3205 Cum
522 3152 621 3204 autem
631 3152 816 3206 exsecutores
826 3148 884 3220 ipsi
899 3123 921 3190 G
940 3153 1072 3210 Romana
1088 3153 1217 3209 Ecclesia
1232 3169 1289 3209 nan
1305 3152 1419 3225 respuit
1433 3153 1476 3207 vel
1494 3152 1684 3217 condemnat,
1713 3150 1770 3207 nial

54 3238 220 3295 deliberare
233 3253 324 3311 super
334 3239 491 3310 propositis
503 3239 678 3310 noluissent,
690 3239 726 3295 ab
738 3239 781 3295 eis
791 3239 885 3294 bumi-
939 3242 1089 3297 canonicis
1104 3258 1163 3298 non
1180 3241 1305 3298 obvierit
1319 3241 1475 3296 institutis.
1489 3242 1574 3310 Sane,
1591 3239 1690 3295 dilecti
1704 3238 1769 3309 filii,

53 3325 119 3383 liter
134 3327 323 3399 postulastis,
340 3333 373 3383 ut
387 3328 590 3400 significarent
613 3328 700 3384 nobis
729 3327 885 3399 superbis
939 3330 1355 3397 canoniciGusentini,nobis
1392 3329 1546 3385 humiliter
1581 3327 1768 3396 intimarunt,
1857 3350 1860 3355 ·

52 3417 195 3472 omnibus
210 3416 375 3480 veritatem,
391 3418 532 3487 quoniam
544 3417 735 3489 paratieratis
747 3417 885 3489 ipsumin
939 3420 1028 3490 quod,
1044 3436 1111 3475 cum
1127 3419 1257 3475 Ecclesia
1271 3417 1431 3475 Cusentina
1448 3419 1487 3474 sit
1503 3434 1562 3475 una
1574 3418 1610 3473 da
1620 3417 1771 3488 antiquio·

51 3504 230 3561 canonicum
246 3509 274 3560 et
290 3506 408 3561 tratrem
425 3506 565 3577 recipere,
581 3505 606 3560 si
622 3506 657 3560 de
672 3510 773 3561 nostra
787 3521 885 3577 proce·
938 3507 1156 3565 ribusllcclesia
1172 3508 1253 3580 regni
1268 3507 1384 3576 Sicilie,
1397 3523 1527 3578 suasque
1543 3505 1771 3563 consuetudines

48 3591 133 3649 deret
149 3591 311 3659 voluntate,
328 3608 385 3648 non
400 3594 588 3649 obstantibus
599 3594 819 3666 exceptionibus
834 3611 884 3650 su·
938 3597 1031 3652 sacris
1048 3596 1434 3653 canonibusnondiecordes
1450 3595 1528 3651 circa
1542 3594 1769 3651 celebrationem

51 3682 209 3754 predictis,
224 3679 291 3738 linet
302 3698 351 3738 cas
367 3682 556 3740 rationabiles
567 3683 734 3739 crederetis.
745 3685 884 3749 Quamvis
938 3686 1116 3751 divinorum,
1132 3686 1375 3741 constitutionem
1387 3684 1573 3748 vicariorum,
1587 3688 1616 3739 et
1626 3681 1770 3755 obsequia

51 3775 167 3839 numm,
183 3786 218 3825 ex
233 3785 266 3826 eo
281 3771 359 3842 quod
375 3773 531 3842 prebenda
546 3770 606 3842 illa,
623 3788 713 3842 qnam
729 3774 885 3843 quemdam
937 3773 1123 3840 clericorum,
1139 3774 1275 3830 habuerit
1289 3774 1325 3829 ab
1340 3774 1473 3845 antiquo,
1486 3788 1561 3845 quas
1573 3773 1767 3845 predecesso-

50 3857 265 3916 canonicorum
280 3865 445 3916 vestrorum
459 3864 567 3932 petere,
584 3861 633 3932 qni
647 3862 778 3916 nondam
789 3864 885 3917 luerat
937 3879 985 3920 ree
999 3864 1053 3928 tui,
1069 3862 1283 3936 archiepiscopi
1298 3862 1460 3929 Gueentini,
1471 3861 1592 3918 litterati
1601 3869 1627 3916 et
1640 3861 1765 3934 providi,

50 3947 241 4021 prebendam
257 3949 393 4021 adeptus,
407 3965 459 4022 per
472 3956 585 4006 vestras
601 3950 686 4006 nobis
696 3948 883 4007 litterasinti·
938 3952 1295 4024 nolueruntaliqustenus
1324 3953 1491 4019 immutare,
1523 3957 1567 4021 tu,
1597 3965 1764 4022 nequaqam

48 4036 172 4103 masiis,
188 4037 267 4093 sicut
276 4041 461 4095 exsecutores
474 4037 530 4109 ipsi
546 4037 632 4094 noble
643 4037 811 4111 significare
830 4054 884 4095 cn·
937 4043 1185 4114 predecessorum
1201 4047 1320 4098 tuorum
1336 4040 1477 4112 exemplis
1492 4040 1654 4107 adherens,
1671 4038 1766 4095 multa

48 4133 164 4193 rerunt,
180 4126 217 4181 ad
234 4126 421 4182 donationem
453 4130 584 4183 nostram
615 4127 710 4182 luerat
735 4126 881 4194 devoluta,
936 4129 1319 4203 proponisdeantiqniset
1348 4128 1519 4202 approbatis
1544 4125 1680 4184 llcclcsie
1706 4131 1763 4183 tue

48 4220 78 4271 ct
106 4230 241 4287 personae
267 4214 324 4271 illae
354 4216 389 4271 ad
420 4216 635 4272 excusationem
664 4220 777 4273 tautam
806 4215 883 4272 inter
936 4220 1199 4277 consuetudinibus
1213 4219 1379 4275 immutare.
1395 4218 1536 4284 Quocirca
1550 4216 1763 4273 fraternitatem

47 4304 438 4377 canonicoscomputantur‚
450 4303 883 4377 atqniastatutumabeeclesia
935 4313 1018 4365 tuam
1033 4325 1199 4377 monemus,
1215 4307 1398 4365 consulimus
1414 4313 1443 4363 et
1457 4306 1620 4374 hortamur,
1634 4322 1685 4378 per
1696 4322 1767 4378 apo·

46 4397 146 4447 vestra
162 4407 321 4449 numerum
337 4399 405 4465 post
419 4394 572 4451 obtentam
587 4392 803 4466 indulgentiam
831 4411 881 4450 ex·
935 4397 1040 4455 stolica
1054 4399 1108 4453 tibi
1121 4397 1230 4468 scripta
1246 4398 1432 4462 mandantes,
1459 4401 1607 4467 quatenus
1632 4396 1762 4450 rationa-

46 4480 195 4551 cessistis,
207 4482 244 4537 de
254 4482 323 4554 jure
338 4498 495 4554 possemus
510 4482 595 4539 aliter
610 4482 878 4556 processisse,qnla
893 4505 916 4572 D
931 4488 1005 4545 biles
1021 4486 1220 4543 ecclesiates
1235 4484 1466 4542 consuetudines
1477 4489 1506 4539 et
1516 4481 1763 4554 autiquastenoaa

47 4574 148 4626 lamen
165 4572 383 4628 vosmandatis
408 4572 518 4629 nostris
544 4571 701 4644 exponitis,
730 4576 759 4628 et
783 4573 878 4644 parati
933 4577 1238 4646 etobserves,nectn
1266 4574 1329 4645 ipse
1358 4589 1408 4629 eas
1435 4573 1588 4640 immutes,
1618 4587 1670 4629 nec
1698 4587 1763 4644 per·

46 4658 120 4715 estis
132 4662 271 4716 nostrum
288 4661 506 4733 beneplacitum
522 4660 694 4733 adimplere,
715 4661 750 4716 de
780 4666 879 4718 nostro
933 4667 1035 4723 mittas
1050 4665 1086 4722 ab
1101 4663 1178 4731 aliis,
1194 4668 1337 4736 quantum
1353 4664 1382 4719 in
1399 4666 1427 4719 te
1442 4661 1542 4731 luerit,
1557 4660 1720 4717 immutari.

46 4748 131 4804 robis
146 4749 287 4805 meritum
301 4755 518 4822 comparantes,
530 4749 700 4807 discretioni
710 4755 812 4806 vestre
828 4766 880 4822 per
970 4756 1075 4812 Datum
1091 4754 1240 4826 Anagniae,
1256 4752 1330 4808 Non.
1349 4751 1510 4808 Februarii.

47 4837 210 4910 apostolica
225 4839 335 4912 scripta
350 4839 528 4896 mandamus
547 4842 576 4895 et
590 4840 723 4896 districte
746 4840 877 4912 precipi·
1268 4858 1419 4917 (fflffl,

47 4940 128 4995 mos,
140 4930 288 4998 quatenns
302 4928 441 4984 cumdem
455 4928 627 5002 scriptorem
640 4931 798 5000 ¹,nostrum
827 4928 877 4999 qni
1049 4965 1158 5006 „mo
1172 4950 1246 5021 (434)
1262 4966 1297 5005 m
1310 4964 1448 5005 mum
1463 4962 1644 5004 Eunomus,

46 5015 130 5071 robis
144 5022 176 5071 ct
187 5015 318 5075 ecclesie
332 5021 436 5074 vestre
452 5016 483 5074 in
499 5017 602 5075 multis
627 5016 753 5074 existere
772 5017 879 5089 poterit
931 5037 1106 5110 parmeni,
1121 5047 1151 5095 α,
1163 5040 1189 5095 52·
1202 5039 1269 5111 quid
1284 5047 1379 5094 com„
1402 5038 1525 5112 ,mrum
1544 5038 1611 5109 jum
1636 5037 1666 5090 m
1681 5034 1760 5091 rigae.

48 5101 224 5172 lruotoosus,
241 5105 272 5161 in
287 5106 408 5162 tratrem
424 5111 596 5164 vestrumst
624 5106 798 5164 canonicum
826 5107 876 5162 ad·
967 5112 1006 5165 ris
1042 5112 1201 5182 apostaticis
1235 5113 1414 5183 impetratam
1443 5109 1530 5181 faerit
1553 5110 1669 5164 irritam
1696 5122 1765 5163 cca·

48 5192 185 5262 mittatis,
200 5194 306 5250 nuntio
320 5196 385 5266 ejus
399 5195 520 5253 stallum
537 5197 566 5252 in
582 5195 682 5267 choro,
698 5201 726 5252 et
740 5196 835 5252 locum
845 5196 876 5251 in
967 5186 1072 5239 timi·

48 5280 190 5353 capitulo,
204 5285 235 5337 et
250 5283 419 5355 predictam
435 5285 634 5358 prebendam,
645 5283 726 5342 omni
736 5283 877 5341 dilatione
1104 5273 1267 5345 (Aflssssssiffit
1283 5288 1333 5329 vm
1350 5271 1395 5331 ld·
1410 5267 1585 5339 Februarii.)

49 5372 78 5425 et
88 5369 281 5427 excusatione
295 5378 439 5444 cessante,
455 5374 615 5446 assignetis
630 5392 637 5443 ;
653 5390 688 5432 cx
702 5374 758 5432 boc
777 5381 876 5432 autem
967 5378 1048 5438 Sicut
1058 5383 1158 5438 nostro
1170 5380 1306 5437 imminet
1316 5378 1412 5436 olllcio
1421 5375 1687 5452 providendum,ut
1697 5392 1761 5449 que

88 5511 164 5595 (1113)
191 5509 265 5569 Vide
291 5518 374 5575 natm
402 5517 439 5576 ad
478 5516 635 5591 epistolam
662 5515 786 5589 biduana
809 5516 877 5575 libri
969 5524 1043 5596 (tat)
1060 5524 1163 5581 «xvi.
1178 5525 1501 5597 Ruduliusdccicrrcp
1538 5538 1616 5580 anno
1631 5519 1711 5588 1201,
1731 5519 1762 5577 in

52 5580 210 5641 &013⁷-
932 5598 1056 5670 Repente
1072 5597 1106 5655 31
1123 5595 1291 5656 chartarum
1305 5596 1449 5671 merari,
1465 5568 1527 5654 solo
1556 5595 1655 5664 primo
1681 5591 1765 5666 epioe
