3780 6000
47 215 82 270 Ἦ
550 211 810 268 eoartetcat'os
829 210 927 267 ANNO
946 212 993 278 Vl,
1013 213 1156 266 CHRISTI
1178 209 1256 266 1203.
1720 211 1757 269 98
1859 230 1863 237 ·

48 338 92 395 sia
106 337 215 394 luisset
228 335 343 393 diutius
355 335 507 403 ventilata,
531 334 650 391 tandem
665 333 696 389 ln
722 333 876 407 presentia
888 333 915 401 Α
930 334 997 389 dem
1007 332 1218 406 archiepiscopi
1229 333 1396 406 largissime
1414 333 1689 408 ministrantes,ipsi
1699 352 1754 393 neo

49 426 149 485 dilecti
169 424 236 496 filii,
250 426 277 482 J.
307 424 385 481 titali
402 425 432 482 S.
460 422 601 497 Stephani
629 424 658 479 in
674 422 761 479 Caelio
778 428 877 480 monte
932 423 961 478 in
978 423 1092 479 modico
1108 424 1281 481 subvenitis.
1299 422 1478 480 cancellario
1503 423 1607 495 primo,
1628 430 1657 480 et
1672 424 1755 482 fratri

51 514 215 585 presbyteri
230 513 402 581 cardinalis,
430 512 600 586 apostalicae
628 514 706 569 sedis
734 512 833 584 legati,
850 516 878 568 et
931 513 1296 584 ejassecando,damaata
1313 512 1757 583 memorrehlarcualdo,etaunc

52 604 222 662 charissimi
238 603 268 658 in
280 603 398 660 Christo
414 602 466 658 lilii
483 601 585 672 nostri,
602 605 648 657 W.
662 601 786 658 illustris
801 602 878 674 regis
933 601 1029 672 tertio,
1043 601 1090 656 W.
1102 600 1471 673 Capparona,jurastie,et,
1481 606 1581 657 contra
1592 603 1754 674 praestitum

51 695 164 757 scotia,
181 693 265 749 hone
280 693 428 748 memoria
444 693 475 747 a.
496 692 721 763 tuactemporis
748 690 878 763 episcopi
929 693 1144 765 jurameutum,
1173 698 1320 749 secretum
1349 694 1499 764 quoddam
1528 694 1605 765 quod
1631 695 1756 750 debehat

52 783 188 855 ejusdem
206 781 352 848 Ecclesia,
368 781 522 837 accedente
536 797 694 852 consensu,
710 781 786 837 inter
802 785 829 836 te
850 785 879 836 et
932 787 1017 838 cauto
1032 782 1130 850 celari,
1148 800 1205 838 non
1217 782 1373 854 expavistis
1385 783 1520 854 nequiter
1533 782 1669 852 revelare,
1680 785 1756 839 undo

52 873 147 945 ipsam
158 870 313 927 ecclesiam
326 870 521 927 amicabiliter
531 870 704 942 compositio
713 869 877 940 intervenit,
933 873 1010 928 mala
1019 873 1129 939 omniu,
1142 890 1205 945 que
1219 873 1353 930 Panormi
1364 880 1393 930 et
1407 873 1595 944 persiciliam
1606 874 1753 930 abeodem

52 976 141 1034 quam
169 958 333 1033 apostolico
358 959 515 1030 postulasti
537 958 704 1014 contumaci
726 959 877 1029 rescripto.
934 960 1103 1018 hiarcaaldo
1120 965 1190 1017 sant
1210 966 1388 1034 perpetrata,
1416 962 1582 1032 provenisse
1609 963 1754 1019 videatur.

51 1049 228 1121 Noeigitur,
259 1046 422 1106 nobilitatis
443 1053 499 1103 tue
529 1048 674 1121 praeibas
702 1050 878 1114 annuentes,
933 1050 1753 1123 Insuper,thesauroecclesiaprodigatoprcetatamar·

52 1138 300 1211 compositionem
318 1137 426 1209 ipsam,
442 1137 519 1193 sicut
534 1137 596 1193 sine
608 1135 749 1208 pravitate
760 1136 879 1208 provide
933 1139 1152 1211 ahiepiscopam
1171 1156 1220 1209 per
1234 1156 1363 1195 inensem
1380 1147 1406 1194 et
1432 1138 1560 1212 amplias
1586 1141 1754 1212 obsedistis,

52 1228 201 1292 recteest,
231 1232 260 1282 ct
289 1227 465 1298 ahutraqae
494 1230 576 1298 parte
601 1229 704 1297 sponte
720 1229 836 1297 recepta
851 1228 880 1279 et
933 1234 970 1297 et,
983 1229 1134 1284 camnibil
1147 1228 1522 1300 potuissetisinobsidione
1534 1230 1682 1300 proficere,
1695 1246 1754 1286 ero·

51 1316 334 1389 pacificehactenas
359 1315 521 1382 observata,
549 1313 756 1386 etinscriptis
776 1312 879 1369 exinde
933 1321 1001 1388 gata
1019 1316 1329 1389 pecuniapradictarn
1358 1323 1561 1389 capparonum
1592 1319 1627 1373 ad
1658 1318 1755 1391 ipsum

51 1406 193 1462 conlectis
204 1403 705 1477 plenariecontinetur,aactoritate
717 1402 879 1475 apostolica
934 1407 1129 1463 obsidendum
1146 1408 1290 1463 adducere
1319 1407 1441 1463 minime
1469 1408 1640 1478 dubitastis,
1655 1423 1754 1479 quem,

53 1495 277 1561 confirmamus,
293 1499 350 1550 etc.
366 1493 433 1549 Nuli
453 1509 533 1566 ergo,
560 1497 616 1550 etc.
635 1498 698 1548 Dat.
720 1491 877 1559 Ferentini,
933 1496 1101 1551 datisuxori
1115 1513 1174 1551 sua
1187 1496 1303 1568 magnis
1314 1497 1397 1568 cupis
1408 1496 1589 1567 argenteiset
1600 1494 1754 1553 dalmatica

54 1601 86 1639 xa
100 1583 162 1657 Kal.
180 1584 270 1639 Julii.
933 1585 968 1640 de
985 1583 1063 1640 balla
1077 1585 1162 1657 (205),
1179 1585 1291 1640 valente
1306 1585 1469 1656 plusquam
1483 1585 1699 1654 milletarencs,
1717 1586 1752 1642 ad

896 1697 917 1761 B
933 1673 1160 1741 hocinduxistis,
1169 1679 1198 1730 at
1208 1675 1341 1730 homiues
1352 1673 1663 1746 ipsiusarchiepiscopi
1672 1690 1754 1747 cepe·

932 1766 1145 1834 ret,torqucrct
1163 1768 1191 1817 et
1205 1762 1363 1830 mutilaret,
1376 1766 1405 1818 et
1416 1762 1527 1818 amicos
1537 1766 1566 1818 et
1577 1762 1754 1832 cansangui-

425 1670 509 1728 llCll.

235 1777 370 1817 srrscoro
385 1778 600 1818 annunciarem
615 1761 700 1832 (200).

58 1853 89 1908 tte
102 1867 157 1908 uno
172 1853 225 1924 qui
234 1863 353 1906 matrem
369 1857 395 1906 ct
409 1849 508 1921 filiam
530 1849 684 1905 carnaliter
704 1857 877 1922 copaoacrat.

259 1939 431 2011 (Ferentini,
446 1955 497 1994 xta
512 1939 570 1994 llal.
582 1937 676 2010 tatii.)

88 2029 136 2099 {Es
152 2029 266 2086 litteris
281 2036 336 2084 taae
352 2028 545 2084 fraternitatis
561 2029 736 2098 accepimus,
758 2028 830 2088 (201)
843 2030 877 2082 G.

10 2140 12 2155 ¹
58 2119 125 2174 lator
143 2135 263 2186 earum,
288 2128 383 2190 aperto
410 2120 488 2174 natis
512 2118 682 2188 contrariare
704 2120 877 2187 monstrauit,

10 2196 12 2201 ’
58 2208 118 2279 auat
132 2209 250 2279 (202)...
269 2214 392 2264 matrem
408 2208 560 2278 cujusdam
577 2206 680 2279 puella
696 2223 784 2278 quam
802 2207 878 2262 inira

59 2297 169 2353 nubiles
185 2313 283 2353 annos
298 2298 527 2368 desponsaverat
542 2296 571 2351 ia
589 2312 708 2352 axarcm
720 2295 878 2352 carnaliter

59 2402 123 2458 sepe
138 2386 290 2458 cognovit,
306 2389 335 2440 et
345 2385 533 2457 postmodam
547 2384 658 2440 carnali
673 2384 878 2440 commistione

59 2473 180 2545 puellam
194 2475 331 2530 tractarit
342 2473 495 2543 adultaml.
509 2472 694 2545 Uadeipsias
707 2473 760 2528 viri
773 2473 878 2529 anime

61 2563 198 2633 provideri
214 2562 369 2619 humiliter
383 2562 550 2635 postulasti,
562 2567 591 2618 et
607 2567 706 2618 utrum
719 2561 831 2618 anulieri
842 2563 877 2619 ad

61 2653 200 2707 arandus
219 2654 349 2723 nuptias,
364 2651 430 2722 ipso
449 2651 573 2717 vivente,
603 2650 687 2707 liceat
715 2650 877 2720 convolare,

61 2756 117 2795 cnm
133 2740 192 2796 hoc
205 2739 315 2796 lactum
332 2738 481 2812 publicum
496 2746 525 2796 et
548 2740 697 2796 notorium
724 2740 876 2796 habeatur.

933 1868 1004 1908 aeos
1019 1853 1083 1923 ejus
1098 1852 1205 1908 taceret
1220 1851 1362 1908 exsulare.
1380 1851 1503 1909 Nuntios
1519 1868 1637 1923 quoquo
1660 1853 1755 1924 ipsius

932 1941 1091 1997 adsedem
1116 1941 1307 2012 apostolicam
1336 1943 1485 1997 venientes
1513 1957 1589 1997 anno
1612 1943 1756 2013 preterito

932 2032 1010 2101 apud
1026 2035 1188 2086 Messanam
1205 2030 1269 2102 capi
1281 2029 1391 2086 lecistis
1401 2034 1430 2085 et
1442 2029 1516 2086 male
1527 2030 1666 2102 torqueri.
1679 2031 1755 2089 tihe-

932 2119 1059 2174 dientias
1075 2118 1163 2174 etiam
1179 2118 1314 2174 Ecclesiae
1331 2135 1396 2190 que
1410 2117 1492 2175 vohis
1514 2123 1583 2175 sunt
1598 2118 1754 2193 attribute,

931 2207 1490 2280 cupiditaterapacissimadestraentes‚
1503 2202 1754 2281 reddituseacum,

932 2302 1035 2352 contra
1050 2296 1192 2369 Regulam
1206 2297 1282 2352 beati
1303 2297 1461 2363 Benedicti,
1484 2296 1511 2352 ia
1529 2301 1657 2353 vestram
1687 2314 1753 2370 pro·

933 2386 1083 2457 prietatem
1096 2386 1291 2451 convertistis,
1307 2385 1524 2457 archiepiscopo
1538 2385 1611 2441 nihil
1626 2391 1678 2442 aut
1692 2404 1754 2443 mo·

932 2473 1029 2529 dicum
1046 2479 1209 2546 erogantes,
1226 2492 1292 2531 oum
1309 2475 1369 2531 sint
1384 2475 1516 2531 redditus
1532 2492 1632 2531 aarum
1653 2477 1752 2533 decem

934 2563 1049 2619 milium
1065 2569 1244 2619 tarenorum.
1260 2565 1302 2619 Ad
1318 2564 1391 2631 haeo,
1408 2568 1577 2635 sepulcrum
1594 2565 1676 2621 hona
1691 2580 1755 2620 me·

933 2653 1031 2707 morire
1048 2652 1080 2708 G.
1099 2652 1322 2724 archicpiscopi,
1344 2652 1576 2723 predecessoris,
1592 2653 1667 2723 ejas,
1684 2670 1754 2725 prae-

933 2741 1100 2813 sumptione
1129 2740 1273 2813 saorilega
1288 2740 1429 2807 violastis,
1446 2747 1475 2796 et
1504 2741 1662 2797 subtractis
1686 2742 1754 2798 inde

60 2830 118 2899 {Nos
129 2833 235 2885 autem
247 2828 341 2884 eidem
352 2829 414 2883 viro
425 2828 878 2900 poeniteatiaminjungilecimus
933 2829 1231 2902 archiepiscopalibus
1256 2829 1447 2900 indumentis,
1463 2834 1491 2885 et
1513 2829 1647 2902 sepulcro
1662 2831 1753 2887 semi-

60 2936 100 2990 pro
112 2916 471 2991 peccato:consaltatiani
483 2922 538 2972 tae
549 2917 647 2973 taliter
655 2918 877 2990 respondentes,
932 2923 1007 2976 tecto
1023 2919 1134 2986 relicta,
1150 2921 1221 2975 estis
1238 2919 1267 2975 in
1284 2936 1349 2974 cum
1374 2919 1483 2975 similia
1497 2919 1678 2975 comminati.
1699 2921 1752 2977 Pro

10 3034 13 3109 j
58 3009 138 3078 qaod,
150 3006 177 3063 si
194 3023 244 3062 res
255 3006 339 3062 itnse
351 3005 450 3074 hahet,
462 3021 504 3061 ets
516 3005 685 3061 adinvicem
701 3005 818 3078 penitus
833 3022 877 3061 se·
933 3008 1041 3081 quibus
1055 3013 1083 3064 et
1098 3008 1165 3064 aliis
1181 3008 1282 3064 multis
1295 3009 1474 3071 excessibus,
1490 3016 1518 3064 et
1531 3009 1599 3079 quia
1615 3010 1753 3067 mandato

58 3097 173 3163 paratis,
190 3094 299 3150 mulier
313 3093 396 3150 altori
411 3095 471 3150 viro
487 3111 544 3150 uon
561 3095 662 3164 nubat,
674 3094 709 3163 si,
722 3099 878 3167 postquam
895 3064 917 3131 c
933 3106 1032 3155 nostro
1048 3097 1185 3153 doluistis
1196 3097 1383 3169 aliquatenus
1394 3098 1521 3167 obedire,
1539 3099 1567 3152 in
1579 3115 1628 3154 vos
1642 3115 1755 3155 excam-

10 3174 12 3193 '
58 3185 126 3239 novit
142 3184 200 3238 vn'ri
212 3181 519 3249 etmatriedelictum,
534 3199 566 3238 se
580 3182 738 3238 carnaliter
753 3182 792 3238 illi
820 3200 878 3239 non
934 3187 1145 3242 manicationis
1160 3187 1334 3241 sententiam
1355 3186 1562 3259 promulgavit,
1579 3188 1629 3242 sed
1645 3204 1706 3256 vos,
1724 3188 1755 3243 in

56 3272 170 3329 eruhuit
184 3270 384 3328 commisceri.
401 3271 453 3328 Vir
476 3271 565 3327 etiam
594 3278 622 3326 et
638 3276 731 3328 mater
746 3271 879 3328 mulieris
934 3275 1047 3330 malitia
1062 3273 1376 3330 vastradamnahiliter
1390 3275 1538 3342 obstinati,
1552 3275 1755 3346 pastorisvas-

54 3359 879 3433 ipsinsnunquamdebentadaliasnuptiasconvolare,
934 3364 970 3420 tri
999 3363 1340 3418 censuramnullatenus
1371 3362 1546 3418 formidatis.
1573 3363 1647 3426 Ouia
1667 3364 1758 3436 igitur

54 3451 99 3506 sed
110 3465 235 3521 semper
248 3448 460 3505 continentiam
472 3464 586 3504 servare
597 3454 745 3517 teneatur,
755 3455 784 3506 et
795 3467 878 3507 enar·
933 3457 1016 3509 tanta
1040 3453 1151 3507 scelera
1167 3467 1219 3506 nec
1234 3449 1370 3506 volamus
1390 3466 1442 3506 aec
1465 3451 1607 3508 dehemus
1631 3451 1756 3508 callariae

54 3555 94 3595 me
103 3540 218 3594 debere
233 3537 384 3608 delictum,
402 3538 480 3609 quod
496 3554 531 3593 ex
545 3543 606 3594 tam
618 3539 745 3595 uelanda
757 3539 880 3595 libidine
935 3541 1092 3609 sustinere,
1119 3557 1170 3611 per
1189 3539 1351 3611 apostolica
1365 3540 1447 3595 vobis
1458 3539 1568 3610 scripta
1579 3541 1757 3598 mandamus

53 3631 275 3693 contraxerant,
290 3627 464 3700 prasertim,
480 3627 505 3682 si
518 3628 595 3683 circa
617 3643 759 3700 personas
777 3629 880 3700 hujus·
935 3636 963 3687 et
978 3629 1108 3686 districte
1124 3628 1322 3701 precipimus,
1345 3634 1492 3701 qautenus
1508 3630 1648 3701 praedicta
1662 3635 1759 3687 castre

55 3717 132 3773 modi
148 3716 188 3771 de
203 3715 289 3787 lapsa
305 3715 403 3772 carnis
420 3716 542 3772 minime
555 3716 706 3773 timeatur.
936 3721 1080 3792 pariteret
1092 3718 1262 3774 thesauram
1271 3719 1332 3789 jam
1345 3718 1423 3773 dicto
1435 3718 1664 3790 archiepiscopo,
1676 3720 1760 3776 omni

83 3810 199 3862 Datum
218 3804 376 3873 Ferentini,
388 3821 440 3860 xru
456 3803 520 3861 Kal.
536 3803 618 3861 Julii.
936 3808 1087 3866 occasione
1102 3806 1328 3863 etesnasatione
1343 3822 1376 3861 ac
1403 3807 1542 3862 dilatione
1562 3808 1759 3880 cessantibus,

937 3898 1101 3970 resignetis,
1125 3897 1210 3968 eique
1230 3897 1266 3952 de
1278 3895 1422 3952 universis
1432 3897 1601 3952 excessibus
1615 3913 1761 3954 momora-

937 3988 974 4043 tis
994 3985 1222 4042 satisfactionem
1247 4000 1408 4057 congruam
1433 3986 1576 4041 studeatis
1609 3984 1761 4042 humiliter

938 4075 1084 4144 exhihere,
1099 4073 1156 4145 ipsi
1170 4077 1311 4144 tanquam
1321 4071 1399 4127 Patri
1410 4076 1438 4127 et
1451 4072 1561 4143 pastori
1572 4077 1669 4128 vestro
1680 4072 1760 4127 dehi-

937 4169 998 4221 tam
1014 4162 1211 4219 obedientiam
1228 4167 1257 4216 et
1281 4160 1473 4216 reverentiam
1488 4159 1661 4216 exhibendo.
1678 4160 1758 4226 Quod

936 4254 962 4310 si
977 4255 1006 4310 in
1031 4250 1229 4309 obstinatione
1243 4254 1271 4305 et
1294 4250 1479 4305 contumacia
1502 4254 1597 4306 vestra
1620 4249 1760 4305 duxeritis

177 4323 397 4392 'Flsssssssll'mm
412 4322 579 4389 candianum
595 4323 756 4378 “Ilibssflm-
937 4341 1165 4415 persistendum,
1183 4338 1369 4407 sententiam,
1387 4353 1474 4408 quem
1488 4337 1550 4408 ipse
1564 4337 1593 4392 in
1610 4354 1659 4394 vos
1675 4354 1757 4393 cano·

262 4410 433 4481 (Ferentinis
448 4427 484 4466 RV
505 4410 565 4466 ¹³⁸¹·
582 4411 676 4482 tulii.)
901 4427 921 4491 l)
938 4431 1000 4487 nice
1016 4427 1221 4503 promulgavit,
1247 4444 1301 4482 nos
1318 4432 1410 4482 ratam
1427 4430 1455 4482 et
1469 4426 1586 4481 siricam
1607 4427 1757 4495 hahentes,

83 4519 166 4583 Quod
175 4515 812 4591 vohisapostolicaesalutationisallloquiam
822 4536 879 4575 noa
936 4536 1002 4577 eam
1016 4519 1155 4574 iaciemus
1184 4520 1303 4571 auctore
1319 4515 1440 4571 Domino
1455 4514 1640 4571 inviolabiter
1658 4515 1759 4570 ohser-

51 4609 269 4681 impendimas,
284 4624 319 4664 en
334 4612 430 4665 vestra
451 4607 590 4663 noveritis
626 4608 759 4679 nequitia
780 4625 880 4681 prove·
937 4608 1007 4675 vari,
1019 4613 1047 4663 et
1057 4605 1179 4678 potestis
1191 4606 1312 4674 insuper
1322 4603 1489 4670 formidare,
1502 4620 1548 4670 ne,
1560 4604 1652 4672 vohis,
1662 4607 1759 4660 vestre

52 4697 126 4753 aire.
144 4695 356 4753 Gravissimum
371 4696 478 4751 etenim
494 4712 529 4752 ex
543 4696 812 4768 parteveaernbilis
824 4698 881 4753 irs·
936 4699 1120 4772 promerente
1144 4692 1263 4759 malitia,
1280 4710 1402 4765 prorsus
1416 4691 1552 4762 exclusis,
1567 4693 1644 4749 idem
1661 4692 1758 4749 archi·

51 4788 107 4843 tris
123 4787 229 4855 nostri,
241 4785 457 4858 archiepiscopi
472 4785 560 4842 vestri
572 4785 657 4857 (204),
675 4786 813 4842 noveritis
827 4804 881 4844 nas
934 4781 1600 4858 episcopus,auctoritatesedisapostalice,vel
1610 4780 1760 4854 regulares

51 4874 204 4947 accepisse
219 4873 382 4946 querelam,
399 4875 528 4946 qaod‚ei
545 4873 668 4931 rebelles
687 4876 792 4946 attacti,
809 4893 879 4948 pra·
935 4871 1215 4943 canonicosiaipsn
1239 4870 1373 4938 ecclesia,
1404 4869 1448 4925 vel
1478 4869 1599 4926 clericos
1624 4871 1761 4928 instituat

50 4965 131 5020 dicta
147 4962 268 5019 castella
282 4968 312 5020 et
327 4962 499 5020 thesaurum
516 4962 644 5020 ecclesie
658 4965 793 5037 nequiter
805 4966 881 5021 deti·
936 4963 1103 5021 saeculares.

53 5056 143 5120 netis,
158 5059 188 5109 et
203 5068 237 5109 ea
253 5053 375 5110 vivendo
390 5052 541 5109 luxuriose
556 5054 688 5121 vastatis,
714 5055 749 5110 de
770 5055 879 5127 quibas
971 5053 1076 5109 Datum
1093 5046 1249 5116 Ferentini,
1262 5064 1298 5103 xv
1313 5046 1374 5103 llal.
1393 5051 1408 5102 J
1413 5047 1473 5104 ulii.

51 5141 316 5199 excommunicatis
330 5147 359 5199 et
371 5141 509 5199 hostibus
524 5143 559 5198 ad
567 5143 788 5216 oppressionem
799 5145 878 5215 ejus·

84 5251 163 5319 (200(
179 5250 290 5314 Exstat,
303 5250 354 5305 sed
369 5250 764 5322 aliquantummutila,inter
775 5252 880 5308 Decre·
969 5248 1033 5320 (203
1054 5241 1215 5315 Epistulam
1245 5241 1320 5296 hanc
1344 5240 1466 5297 laudant
1481 5241 1661 5313 Rayaaldas,
1680 5256 1757 5297 anna

50 5322 137 5389 tales,
153 5323 206 5378 lih.
222 5338 261 5387 iv,
273 5321 317 5378 tit.
336 5322 379 5377 13.
396 5324 433 5379 ue
446 5323 702 5394 ecquiccpnocerit
716 5327 880 5397 cansangui-
935 5322 1014 5387 1203,
1040 5313 1230 5382 '643021100
1258 5313 1392 5382 Pirrhus,
1408 5313 1489 5371 32'01'2·
1506 5313 1583 5370 3⁰0⁷·
1600 5317 1620 5369 ἵ·
1649 5313 1672 5383 Ῑι
1689 5329 1756 5386 088·

49 5410 131 5451 acam
145 5392 244 5449 ucria
258 5407 319 5450 aare
331 5392 375 5449 act
387 5409 504 5465 monce,
522 5410 585 5466 cap.
601 5396 628 5450 8.
934 5394 996 5449 405.

86 5466 162 5527 ’200
179 5465 214 5520 ln
228 5464 356 5531 Deerat,
370 5465 450 5538 quod.
970 5463 1043 5535 (200)
1056 5458 1129 5514 Vide
1145 5472 1236 5527 supra
1251 5457 1336 5529 epist.
1352 5455 1420 5513 libri
1434 5455 1530 5528 quinti
1543 5457 1589 5523 89,
1607 5460 1667 5514 not.

84 5504 162 5608 (ΜΖ)
178 5536 291 5594 Desunt
305 5535 366 5595 hec
381 5538 470 5595 verba
484 5536 514 5593 in
530 5535 743 5595 Decretalihas.
971 5536 1044 5605 (205)
1059 5531 1107 5588 Sic
1121 5529 1152 5584 in
1167 5544 1267 5600 apogr.

372 3918 463 3986 xctu
480 3929 565 4001 (aaa).

50 4034 201 4075 nannents
235 4033 324 4073 thN'l'l
352 4034 481 4086 Beatam,
519 4034 575 4074 1th
606 4035 640 4074 ΕΤ
682 4035 880 4075 cetetmaasn

84 4106 231 4146 casnm
257 4106 441 4158 menesatem,
472 4106 506 4145 ΕΤ
539 4106 730 4147 contettcteus
759 4107 880 4147 EORUM:

87 4178 156 4217 SlNE
175 4177 378 4217 SALUTATIONE.

53 4253 85 4307 ta
114 4253 243 4322 ipsoram
268 4250 481 4321 archiepiscopo,
497 4252 532 4305 ab
546 4249 615 4321 ipsis
629 4253 755 4318 praviter
768 4252 881 4324 offenso,
