3780 6000
78 227 151 282 1205
594 229 852 287 roarrrrcarus
871 229 970 285 anuo
988 234 1023 298 x,
1043 232 1183 288 csnrsrr
1205 230 1284 290 reor.
1716 240 1787 300 reue

76 354 164 410 dicits
179 354 267 411 cultis
282 358 312 412 et
325 355 547 415 incultis.Circa
561 359 692 414 castrum
708 354 788 428 quod
803 354 901 428 eppei·
917 356 944 424 Α
958 356 1080 414 boribus
1095 363 1266 437 exstirpatis
1281 363 1317 419 ad
1344 361 1458 420 cultum
1488 362 1644 437 redigitur,
1664 380 1782 440 qnarun

77 444 274 516 laiuffliijssii
286 444 769 518 Villimlluoedifflffifirmium,
780 456 905 502 cumeu·
959 459 1083 529 utraque
1099 454 1301 527 interpretatio
1312 451 1505 525 colligitnrex
1515 450 1650 512 civilibus
1666 454 1783 531 legibus

76 534 179 602 alesin,
196 536 320 604 docimo,
333 536 437 604 servis,
454 535 583 605 ancillis,
599 536 703 608 pratis,
729 535 858 607 pascuis,
872 534 903 592 rt
958 558 1011 599 nos
1031 548 1131 599 tumen
1160 539 1344 614 inquisitioni
1362 544 1420 597 tum
1445 540 1543 598 taliter
1569 544 1780 617 respondemus

75 625 145 681 ullis
161 626 343 698 appendiciis
363 626 450 683 cattis
469 632 500 683 el
528 625 659 682 incultis.
676 624 899 698 Apudttllet'um
957 631 1499 705 quodsumcredimusantenessorum
1511 635 1783 692 nostroruminlen.

74 715 241 783 erucarum,
258 716 445 773 terrasticum
462 719 491 772 et
520 730 652 783 canaam,
669 728 736 771 eam
751 713 845 770 servis
873 718 902 770 at
957 724 1066 778 ironam
1084 722 1184 788 vaisse,
1196 736 1262 776 cum
1274 720 1331 793 pua
1343 719 1416 776 locis
1430 718 1783 793 indulgentissimam·

73 803 201 861 aucillis.
210 803 298 860 Juxta
306 810 437 861 castrum
446 807 523 879 quod
534 806 644 863 dicitur
652 804 899 875 Mune-mirellus,
956 812 1033 868 libus
1045 815 1264 881 concesserunt,
1275 815 1308 865 ut
1316 809 1418 866 novale
1429 809 1624 868 intellexerint
1632 828 1734 886 agrum
1745 812 1780 873 de

72 891 175 948 villam
190 909 256 966 quoa
271 893 380 950 dicitur
393 895 575 967 marcungia,
588 906 656 951 cnm
666 893 900 951 cervicetenull·
955 917 1028 958 novo
1040 902 1192 958 radiorum
1208 901 1243 957 ad
1261 899 1384 969 cultum,
1401 899 1437 956 de
1452 914 1512 972 quo
1526 915 1585 958 non
1601 907 1695 959 sxssst
1718 918 1778 962 ms.

71 981 520 1055 lis,pratis,pascuis,ctuliis
547 983 728 1057 appendiciis
753 982 842 1040 uultis
870 989 900 1042 et
955 991 1049 1048 moria
1064 992 1142 1062 quod
1159 990 1319 1062 aliquando
1334 989 1433 1046 cultus
1457 990 1572 1046 inisset.
1589 992 1644 1048 Sed
1661 1010 1713 1049 ueo
1742 992 1779 1051 de
1883 1022 1885 1029 v

73 1071 204 1129 incultis.
218 1073 899 1149 Prohibomusinsuparuepredicteoocasione
954 1080 1083 1154 quolibet
1100 1080 1151 1137 tali
1171 1079 1318 1135 credimus
1343 1078 1454 1135 eisdem
1472 1078 1689 1151 indulgentium
1715 1083 1777 1141 lore

72 1164 225 1218 sententia
242 1180 259 1219 a
275 1164 359 1220 uobis
373 1162 438 1220 lats
453 1164 610 1222 Meldensis
620 1165 777 1238 epiecopus
791 1178 843 1221 vos
853 1164 897 1222 vel
952 1186 1134 1242 concessam,
1146 1169 1205 1227 nisi
1218 1171 1254 1226 de
1270 1169 1320 1225 illo
1335 1170 1478 1225 duntaxat
1488 1171 1575 1242 cnjus
1585 1171 1714 1230 decimis
1728 1186 1774 1231 ss.

72 1252 286 1310 monasterium
301 1259 432 1311 vestrum
448 1255 578 1312 indebita
592 1260 732 1328 sggmvet
743 1254 788 1310 vel
803 1252 895 1310 molt·
951 1262 1074 1335 ligiosus
1091 1264 1254 1317 conventus
1271 1263 1367 1332 potest
1381 1259 1495 1332 absque
1507 1260 1589 1332 gravi
1597 1262 1773 1321 detrimento

71 1345 148 1409 stem
172 1340 435 1415 quiaprlvilegium
456 1349 585 1401 meretur
608 1345 745 1400 amittere
763 1342 814 1415 qui
830 1354 894 1413 pet·
951 1350 1129 1424 parochialis
1154 1349 1282 1407 ecclesio
1303 1348 1438 1417 retinere,
1455 1362 1522 1405 cum
1541 1367 1616 1422 seqre
1643 1353 1683 1408 sit
1707 1353 1773 1411 talis

71 1431 165 1487 mim
180 1432 236 1488 ”bl
257 1433 390 1489 diutili?
412 1439 567 1507 Ρθῑθῦῑῑῒθ·
584 1429 663 1490 Ntlffl
685 1447 754 1503 01'80
772 1431 894 1487 0ffln¹ss⁰
949 1440 1031 1497 locus
1047 1439 1176 1497 incultus
1192 1440 1227 1496 de
1241 1456 1300 1511 quo
1314 1437 1491 1512 parochialis
1504 1439 1628 1498 ccclesia
1648 1458 1771 1517 magnos

70 1520 226 1577 hominum
244 1521 563 1596 liceathaucpuginam
575 1528 682 1581 nostrae
693 1521 893 1580 ooulirmutlo·
949 1529 1263 1604 pereipitdseimarum
1279 1527 1392 1585 ratione
1407 1536 1577 1600 proventus.

69 1610 118 1666 nis
131 1610 369 1683 etprohibitionis
389 1613 558 1686 intringere,
570 1613 724 1671 veleinusu
735 1611 893 1669 temeratio
983 1620 1090 1677 Datum
1113 1618 1245 1690 viterbii,
1258 1636 1286 1675 xr
1316 1617 1377 1675 lial.
1400 1620 1590 1693 Septembris,
1612 1639 1691 1682 anns
1718 1625 1770 1685 is.

68 1701 226 1758 contraire,
242 1702 350 1775 Siquis
364 1703 681 1762 autembooattentare
697 1717 892 1782 presumpsc·
907 1729 931 1800 B
946 1708 1033 1767 oimo.

69 1790 118 1858 rit,
144 1790 377 1862 indignationem
394 1792 603 1866 omnipotentis
618 1794 711 1852 belet
738 1797 890 1856 beatorum
1325 1816 1393 1875 cxi,

69 1879 145 1935 Petri
160 1884 191 1937 et
209 1881 292 1937 Pauli
308 1881 510 1954 apostolorum
526 1885 590 1956 ejus
614 1896 646 1941 se
661 1886 774 1944 noverit
788 1888 892 1946 iucur-
943 1925 1040 1966 mm,
1065 1923 1252 1965 mmmm,
1266 1923 1300 1963 ff
1324 1923 1414 1964 pm„
1442 1923 1479 1963 Μ
1492 1922 1675 1968 mmmm„
1698 1924 1769 1971 m,
1808 1920 1812 1925 ·

67 1985 184 2028 surum.
1173 2011 1299 2054 crossum
1312 2012 1392 2054 esuis
1407 2010 1536 2056 amaris.

104 2060 209 2116 batum
225 2060 355 2131 biterbii,
370 2076 429 2118 xvir
445 2062 504 2119 llal.
534 2064 716 2138 Septembris
731 2078 808 2126 anno
835 2068 890 2127 de·
977 2096 1017 2154 M
1032 2108 1112 2170 qm,
1125 2097 1264 2169 ,suimus
1277 2094 1421 2151 dimissum
1435 2095 1514 2152 erbis
1533 2098 1728 2159 Massiliensis.

64 2148 152 2205 ⁰5ffi0·
1101 2192 1245 2266 (viterbii,
1261 2208 1301 2248 xrr
1316 2191 1376 2249 llul.
1393 2194 1599 2269 Septembris.)

976 2303 1168 2377 significante
1182 2294 1342 2359 venerabili
1357 2301 1447 2358 lratre
1471 2307 1573 2361 nostro
1599 2300 1762 2367 Arelatensi

940 2392 1161 2467 archiepiscopo
1176 2408 1243 2447 cum
1255 2388 1555 2464 mullisepiscopisad
1567 2398 1698 2452 nostram
1710 2415 1765 2455 uo·

938 2483 1040 2541 veritis
1050 2480 1232 2539 audientium
1248 2480 1416 2554 pervenisse
1426 2483 1503 2553 quod
1515 2499 1583 2540 oum
1595 2482 1672 2543 cives
1682 2484 1763 2545 ilias·

939 2566 1762 2649 siliensesiuioeduspaclsconvenisseutcumeis,gravis

939 2680 974 2718 ex
998 2664 1079 2735 parte
1094 2654 1192 2715 dilecti
1215 2652 1267 2713 ulit
1285 2657 1367 2715 novis
1383 2657 1436 2714 viri
1459 2659 1590 2732 lingonis
1607 2662 1642 2719 de
1655 2664 1762 2723 Bouoio

435 2242 503 2298 (ΗΧ.

59 2344 216 2386 universus
230 2344 463 2390 ancnrsrrsnorrs
479 2350 512 2390 sr
528 2342 672 2391 sttsoorrs
682 2350 737 2393 rra
747 2352 886 2398 saxoniam

379 2438 568 2481 cousrrrcrrs.

169 2515 210 2567 De
225 2513 383 2584 prandentis
399 2515 563 2570 monosterii
580 2516 610 2570 in
626 2514 777 2574 Gerounion.

204 2601 347 2674 (viterbii,
364 2616 414 2659 vru
429 2602 491 2659 nat.
508 2602 713 2679 Septembris.)

95 2689 169 2746 Cum
185 2705 219 2746 ox
245 2691 378 2764 injuncto
396 2694 482 2749 nobis
496 2694 647 2751 servitutis
663 2696 760 2753 ollicio
776 2698 805 2754 in
816 2699 885 2771 iuro

59 2795 115 2835 suo
125 2780 275 2850 providere
284 2781 572 2840 universisEcolasiis
584 2788 785 2855 teneamur,ad
793 2790 885 2845 ecclc·

59 2869 136 2925 siam
152 2871 249 2926 Sancti
265 2872 368 2928 Ciriaai
384 2872 414 2928 in
429 2872 582 2931 Gerondud
601 2875 729 2933 debitum
742 2877 884 2938 habentes

58 2965 241 3029 respectum,
257 2961 352 3034 ipsius
367 2963 459 3033 quieti
475 2968 505 3019 et
520 2964 584 3036 paci
605 2971 728 3038 paterna
745 2968 884 3026 duximus

57 3047 882 3123 sollicitudiuespeoioliturprovidendumonociroaira-

55 3138 188 3204 ternitsti
204 3144 305 3196 vestrm
322 3150 374 3212 per
397 3142 561 3213 apostolica
575 3142 687 3218 scripta
702 3149 879 3206 mandamus

54 3231 203 3300 quatenus
233 3229 258 3285 si
287 3230 462 3287 venerabilis
478 3233 568 3288 irater
590 3239 705 3291 noster:
720 3237 878 3310 episeopus

51 3317 878 3399 Helvarstadeeusis,iucuiusdimcssiooolesiaipsaoon·

53 3407 877 3481 sistit,ebrismu,oleumsanotum,consecrationeealtu·

52 3498 132 3553 rium
144 3513 196 3553 seu
213 3497 415 3570 basilicarum,
425 3500 626 3558 ordinationes
636 3502 810 3562 clericorum
825 3507 877 3580 qui

54 3588 91 3643 ad
107 3604 206 3644 saeros
221 3587 340 3645 ordines
364 3589 475 3646 luerint
504 3594 746 3663 promovendam
773 3600 878 3655 estora

54 3675 254 3734 ecclesiastica
268 3683 456 3734 sacramenta
470 3697 488 3735 a
504 3678 618 3737 dileotis
632 3681 663 3737 ic
678 3682 793 3741 Christo
808 3686 877 3743 utria

54 3765 207 3824 abbatissa
223 3771 250 3824 et
279 3767 431 3824 sororibus
446 3767 542 3842 ipsius
561 3769 690 3828 ecclesie
716 3774 877 3846 requisitus

53 3857 232 3914 recusaverit
255 3857 400 3925 exhibere,
413 3875 480 3915 oum
501 3861 714 3917 monasterium
743 3862 818 3920 illud
839 3866 876 3922 ad

54 3947 212 4002 Romanam
228 3947 385 4003 Ecclesiam
403 3947 483 4003 nullo
499 3948 643 4020 pertineat
657 3950 814 4018 mediante,
824 3970 877 4010 ros

53 4035 228 4093 auctoritato
253 4041 353 4093 nostra
367 4036 478 4093 eisdam
495 4037 708 4110 gratissimae
735 4043 877 4112 pravitate

52 4125 188 4198 qualibet
202 4125 392 4198 impendatis.
404 4130 548 4183 Pretersa
563 4126 699 4186 volumus
713 4134 742 4186 et
757 4134 878 4189 manda·

52 4232 119 4271 inus
128 4215 318 4287 utsiquando
326 4217 361 4272 ds
373 4215 612 4273 malefactoribus
618 4217 682 4275 suis
691 4220 876 4290 parochianis

51 4305 158 4360 vestris
173 4305 209 4360 ad
226 4321 276 4360 vos
291 4305 432 4363 duxerint
446 4305 662 4377 querimoniam
673 4307 876 4382 detereudam,

51 4410 104 4450 vos
113 4394 156 4450 eis
165 4392 280 4464 plenam
292 4395 327 4450 de
338 4394 565 4467 ipsisjustitiem
573 4395 694 4455 sublato
702 4397 876 4470 appellatio·

53 4483 99 4538 nis
115 4483 265 4540 obstaculo
282 4484 406 4541 laciniis.

89 4573 193 4629 Datum
210 4574 344 4643 viterbii,
359 4590 409 4630 vru
423 4574 484 4630 ital.
499 4576 737 4648 septembaaao
749 4577 875 4638 decimo.

432 4690 488 4747 CX.

248 4794 510 4838 cmssmuousrauo
524 4794 670 4839 criscoro.

52 4877 218 4934 Declaratur
230 4880 301 4950 quid
314 4894 364 4952 per
377 4878 483 4935 nonalis·
504 4878 669 4936 vocobulum
688 4882 873 4954 intelligetur.

217 4976 362 5047 (Viturbii,
379 4992 408 5032 rr
424 4976 485 5033 Kal.
502 4976 709 5051 Septembris.)

85 5076 142 5149 (28)
160 5076 233 5141 Ouid
250 5094 301 5149 per
315 5076 427 5133 novalis
442 5075 618 5133 vccabulum
629 5074 755 5151 intelligi
771 5078 876 5135 debent

49 5185 65 5223 a
81 5167 167 5224 nobis
183 5173 234 5223 tua
250 5166 420 5224 fraternitas
430 5166 592 5241 requisivit.
606 5164 685 5225 Licet
698 5172 797 5226 autem
809 5169 874 5242 qui·

49 5259 117 5313 dnm
128 5257 339 5330 dixerintquod
355 5258 501 5315 novalesit
510 5262 588 5313 terra
593 5260 716 5330 praecisa
724 5274 787 5331 que
797 5276 873 5316 anuo

49 5353 157 5417 cassat,
175 5345 241 5404 aliis
258 5347 461 5404 asserentibus
479 5348 557 5421 quod
570 5363 605 5404 ex
620 5342 769 5421 silvaque
783 5365 873 5407 exar-

940 2744 1124 2825 querimonin
1136 2744 1190 2804 luit
1200 2746 1350 2822 proposita
1358 2752 1526 2820 contrusus
1538 2750 1671 2809 videlicet
1682 2756 1761 2827 quod

939 2848 971 2898 13.
982 2831 1408 2913 qnondamdominoiliassilae,
1420 2837 1496 2894 viam
1510 2840 1650 2897 universo
1661 2844 1761 2901 carnia

939 2934 1079 3006 ingresso,
1091 2945 1158 2986 oum
1174 2926 1277 2984 civitas
1292 2924 1495 2997 Massiliensis,
1506 2930 1541 2985 ad
1554 2928 1681 2987 nobilem
1697 2950 1761 2991 mu·

938 3022 1040 3078 liorem
1057 3024 1088 3075 B.
1106 3018 1197 3074 filiam
1213 3015 1289 3087 ejus,
1301 3015 1549 3086 jnrenoscererur
1573 3018 1759 3080 hereditario

895 3104 917 3174 G
938 3112 1095 3184 portinere,
1111 3109 1189 3165 cives
1204 3104 1262 3179 ipsi
1277 3102 1470 3163 Roncsliunm
1487 3108 1606 3166 fratrem
1621 3110 1690 3167 dicti
1702 3102 1757 3169 de·

934 3196 1037 3269 iuncti,
1053 3196 1229 3257 monachum
1256 3196 1285 3252 ci
1310 3198 1536 3266 subdiaconum,
1554 3198 1584 3255 in
1619 3198 1756 3259 abbatem

932 3286 1068 3356 electum,
1076 3306 1144 3346 cnm
1155 3289 1266 3364 impetu
1276 3284 1412 3365 populari
1422 3289 1457 3345 de
1469 3288 1648 3346 aronasterio
1659 3292 1756 3349 extra·

933 3380 1046 3451 beatos,
1056 3376 1182 3436 lacerato
1193 3378 1287 3451 ipsius
1298 3378 1411 3446 habitu,
1423 3376 1655 3436 consentientem
1666 3384 1696 3437 ct
1706 3397 1753 3437 vo·

931 3469 1312 3539 lentem,insuumotdictm
1321 3466 1446 3526 civitatis
1457 3462 1675 3525 dominumnon
1687 3468 1752 3528 sino

932 3572 1041 3633 magun
1055 3556 1160 3615 divine
1176 3559 1339 3633 majestatis
1356 3557 1467 3616 ollensa
1481 3560 1510 3615 ot
1528 3557 1610 3631 gravi
1625 3560 1753 3633 prmiatoe

931 3648 1040 3706 nobilis
1046 3644 1753 3722 prejudicioassumpserunt.0uomobremdictus

932 3738 1015 3812 lingo
1031 3738 1066 3795 de
1082 3736 1198 3807 baucio,
1210 3732 1754 3813 quisaapelstamnobilemduvitlcgi·

932 3828 1004 3885 time
1029 3828 1059 3883 iu
1077 3844 1205 3900 uxorem,
1226 3826 1398 3900 prolemque
1426 3827 1558 3900 suscepit
1573 3844 1608 3883 ex
1623 3844 1668 3896 ea,
1685 3844 1753 3887 cum

933 3916 1023 3977 nobili
1035 3917 1096 3974 viru
1108 3920 1154 3972 W.
1170 3916 1205 3976 de
1220 3917 1329 3975 Baucio
1340 3916 1471 3990 principa
1482 3917 1679 3988 arausicensi,
1690 3935 1755 3993 ger·

932 4025 1020 4064 mano
1036 4024 1100 4077 sno,
1115 4008 1286 4064 memoratis
1302 4005 1447 4079 episcopis
1461 4010 1489 4062 et
1504 4004 1587 4062 nobis
1603 4004 1756 4065 humiliter

931 4094 1109 4171 supplicavit
1125 4101 1157 4153 nt
1171 4113 1237 4153 oum
1250 4095 1306 4170 ipsi
1322 4095 1423 4154 fideles
1438 4095 1565 4151 existant
1578 4094 1705 4152 ecclesie
1720 4113 1754 4153 ao

932 4184 1039 4256 devoti,
1054 4192 1082 4244 et
1098 4185 1133 4243 ad
1150 4185 1365 4259 promotionem
1381 4184 1461 4257 pacis
1479 4185 1564 4256 juxta
1579 4185 1753 4242 mandatum

932 4282 1067 4335 nostrum
1079 4275 1234 4333 intendant
1250 4274 1370 4331 viriliter
1384 4278 1414 4329 et
1428 4278 1572 4346 potenter,
1583 4271 1677 4331 eidem
1692 4272 1753 4331 Hu-

931 4360 1753 4439 gonisnperadipiscendahereditateuxorissuaedigoa-

890 4472 916 4542 D
932 4462 1012 4511 retur
1025 4451 1157 4510 Ecclesia
1171 4452 1338 4508 subvenire.
1349 4450 1422 4507 Cum
1434 4448 1686 4523 igituroccnrrerc
1701 4450 1752 4508 de·

931 4538 1751 4615 beatsedesapostolicapresumptionibusmalignorum

930 4639 959 4691 et
969 4649 1070 4691 eorum
1085 4647 1223 4689 excessus
1237 4626 1377 4704 pastorali
1392 4620 1590 4686 sollicitudine
1604 4624 1752 4701 cohibere,

930 4718 1102 4780 discretioni
1114 4723 1215 4779 vestrae
1223 4735 1274 4793 per
1285 4716 1563 4792 apostolicascripta
1573 4722 1752 4779 mandamus

929 4819 1018 4887 utque
1033 4808 1222 4887 precipimus
1237 4813 1384 4883 quatenus
1396 4807 1425 4864 iu
1440 4808 1535 4866 dictos
1550 4810 1676 4880 cives,ut
1690 4829 1752 4870 mo·

929 4898 1752 4974 moratumltoncelinumexcommunientum,apuslatum,

929 4997 959 5049 et
973 4993 1136 5065 perjurum,
1154 5008 1171 5049 n
1186 4989 1306 5046 domino
1317 5005 1383 5061 suo,
1395 4988 1473 5062 quod
1485 4992 1586 5045 contra
1600 4991 1753 5061 proprium

925 5081 1142 5152 juramentum,
1150 5079 1180 5135 in
1189 5082 1391 5150 contemptum
1401 5077 1451 5133 Dei
1461 5077 1564 5132 etlidei
1576 5074 1751 5135 Christianae

929 5169 1120 5244 opprobrium
1132 5168 1242 5224 detinet
1253 5171 1439 5239 occupatum,
1448 5181 1570 5237 prorsus
1585 5171 1752 5236 amoveant,

929 5263 958 5316 et
981 5257 1156 5330 supradicte
1185 5257 1276 5314 nobili
1303 5255 1505 5312 hereditatem
1533 5253 1701 5324 restituant,
1717 5259 1752 5311 ut

929 5353 1078 5415 tenentur,
1088 5363 1142 5421 per
1156 5342 1468 5403 excommunicationis
1479 5346 1508 5399 et
1525 5341 1673 5399 interdicti
1684 5342 1751 5401 civi·

85 5573 144 5646 (28)
159 5575 230 5646 Gap.
247 5572 319 5642 Quia
332 5586 382 5646 per
395 5571 514 5644 nonalis,
530 5572 571 5630 lic
592 5571 674 5629 verb.
689 5570 782 5644 signif
805 5570 879 5632 Vide
891 5571 1069 5647 Reginorum
1083 5568 1134 5627 lib.
1150 5578 1171 5643 t,
1186 5584 1213 5627 c.
1229 5567 1274 5623 tr.
