3788 6022
30 171 33 175 Ι
88 230 143 288 aas
562 216 770 275 resecrare
788 214 828 269 ιιι
846 196 901 268 aa.
920 208 1169 267 aronsroauu
1187 210 1254 265 oro.
1275 210 1322 265 vr.

8 402 11 409 .
88 354 258 420 timassent,
269 347 440 422 quodjuris
455 343 627 402 mandatum
641 344 777 398 nostrum
793 336 912 394 absolu·
929 336 956 404 Α
1333 334 1505 393 CCXXXW.

88 445 178 504 tionis
193 441 309 498 tuerent
323 434 498 492 beneficium
510 430 649 498 assecuti,
660 434 689 486 et
699 429 774 500 quod
787 423 915 483 universi
1151 440 1311 482 causamur
1331 441 1443 482 sermea
1457 443 1612 483 saansaan.

88 537 118 592 et
132 534 190 590 duo
203 531 329 587 barones
344 525 381 580 ad
396 518 730 590 satislsoieudumJ'uxta
742 515 914 572 mandatum
969 513 1001 571 lit
1012 513 1157 583 loannem,
1174 511 1352 586 capellanum
1368 519 1424 570 PP.
1441 515 1473 571 iu
1488 515 1618 572 altorem
1639 518 1791 590 recipiant.

89 625 236 685 nostrum,
251 630 340 688 aupor
354 628 387 670 eo
403 610 480 685 quod
496 609 573 683 apud
585 607 723 664 iaderam
739 602 915 661 sententiam
1156 603 1315 676 (anagnie,
1333 603 1406 659 Non.
1424 604 1598 677 Februarii.)

89 702 402 772 excommunicationis
416 701 614 765 incurrerant,
625 712 676 769 per
691 698 823 768 patentes
838 690 915 747 litte·
1004 691 1076 747 Cum
1089 691 1338 764 ssliidissidentes,
1351 694 1521 764 patronium
1542 695 1684 752 universae
1699 697 1796 754 carnis

89 818 138 858 ras
152 815 183 857 ss
197 813 231 853 ao
246 810 316 852 suos
331 790 531 863 obligaverant
550 799 748 852 successores,
763 782 793 838 in
809 779 916 837 litteris
968 779 1112 853 ingresso,
1133 796 1190 837 non
1205 781 1332 838 lenirent
1346 781 1476 840 dolorem
1502 784 1617 856 matris,
1643 785 1720 842 sicut
1743 787 1796 844 de·

90 905 165 964 quas
180 885 254 959 ipsis
269 880 452 948 remisimus,
468 875 634 932 notavimus
651 873 706 929 hoo
720 886 867 944 expresse,
884 869 917 923 ut
970 869 1104 938 buerant,
1120 871 1170 927 sed
1186 875 1338 944 sugerent,
1352 871 1415 943 ejus
1430 872 1562 930 tunicam
1579 890 1716 948 rumpere
1731 892 1793 933 mo-

91 977 193 1037 nullus
203 988 304 1032 eorum
320 968 377 1026 sibi
392 973 490 1025 tenere
504 963 698 1029 blandiretur,
713 962 791 1034 quod
807 965 916 1016 terrem
970 959 1086 1031 lientes,
1103 959 1172 1033 quis
1188 976 1246 1016 non
1261 964 1324 1017 erat
1338 961 1380 1018 eis
1391 978 1441 1020 eor
1455 979 1548 1019 uuum
1565 968 1593 1021 et
1609 964 1709 1022 anima
1726 983 1795 1035 una,

91 1069 258 1126 Graecorum
281 1072 426 1131 occupare
445 1055 503 1112 sibi
519 1053 561 1110 vel
585 1052 707 1127 predari
726 1051 837 1122 liceret,
852 1053 917 1106 tau-
970 1067 1030 1107 non
1046 1053 1204 1122 potuerunt
1215 1049 1349 1107 babitare
1364 1051 1468 1108 iratres
1479 1052 1509 1108 in
1525 1069 1630 1125 unum,
1646 1054 1798 1111 imovaria

91 1173 180 1234 quam
197 1154 296 1211 minus
308 1146 475 1223 apostolice
489 1144 551 1202 sedi
566 1144 712 1211 devotam,
728 1146 757 1199 et
770 1141 849 1214 quod
860 1139 917 1195 im·
970 1138 1027 1196 sibi
1043 1137 1242 1206 tabernacula,
1263 1143 1409 1213 quantum
1424 1140 1455 1197 in
1470 1141 1513 1198 eis
1528 1142 1634 1210 iuerat,
1647 1143 1797 1200 labricen-

90 1249 208 1323 perstor
218 1232 710 1308 Gonstantiuopolitauus,daposito
720 1232 809 1288 tratre
824 1244 877 1286 suo
888 1231 917 1285 et
970 1232 1026 1300 tes,
1041 1231 1070 1284 et
1085 1227 1252 1285 deridentes
1268 1228 1353 1301 ovile,
1369 1233 1501 1302 pastores
1516 1231 1573 1289 sibi
1588 1232 1686 1289 varios
1702 1235 1796 1290 nomi·

89 1336 179 1395 etiarn
193 1332 346 1397 excecato,
363 1326 520 1399 imperium
541 1325 710 1396 usurparat,
725 1337 793 1377 cum
815 1335 915 1376 eorum
971 1317 1232 1385 narunt,homines
1243 1320 1405 1376 secuudum
1416 1337 1466 1377 cor
1478 1338 1566 1378 suum
1578 1321 1641 1379 suis
1651 1322 1798 1396 capitibus

94 1441 152 1483 non
168 1425 247 1480 esset
262 1421 298 1476 de
312 1419 445 1490 ipsorum
458 1414 593 1488 judicare
607 1412 796 1482 delictis‚neo
810 1410 846 1466 ad
863 1410 918 1466 boo
970 1407 1167 1481 imponentes,
1184 1424 1237 1464 nec
1249 1413 1396 1477 curantes,
1412 1408 1438 1466 si
1454 1410 1552 1468 lorsau
1568 1411 1598 1468 in
1609 1411 1683 1469 duos
1695 1413 1797 1470 matris

90 1500 919 1582 oruoissignaoulumassumpsissent‚inbibitionemquo·
971 1496 1152 1554 divideretur
1173 1497 1306 1570 affectus,
1321 1503 1355 1555 ut
1368 1503 1447 1556 esset
1475 1517 1536 1557 una
1557 1501 1695 1571 duorum,
1712 1504 1796 1559 dum·

92 1620 149 1677 que
164 1598 357 1674 praemissam,
370 1592 517 1666 quaeipsis
532 1591 588 1648 sub
599 1588 837 1646 interminatione
847 1603 917 1642 ana·
971 1587 1057 1642 ruodo
1072 1586 1195 1659 quilibet
1211 1587 1412 1644 salmodioum
1426 1589 1494 1660 quid
1510 1590 1727 1648 dehereditata
1737 1608 1798 1647 ma·

22 1733 25 1736 »
91 1686 232 1749 thematis
244 1686 321 1741 lacta
331 1686 401 1748 erat,
414 1697 464 1737 eos
476 1677 680 1735 mandavimus
692 1675 863 1733 memoriter
872 1690 916 1730 re·
973 1679 1225 1753 trisaooiperet,et
1235 1680 1321 1753 Juxta
1330 1697 1390 1737 sue
1399 1683 1559 1740 voluntatis
1571 1683 1725 1740 arbitrium
1740 1700 1795 1740 non

91 1779 196 1836 tinere.
212 1773 291 1831 Licet
312 1771 404 1844 igitur
426 1773 607 1841 optaremus,
625 1771 658 1821 ut
679 1782 728 1838 per
743 1764 875 1820 studium
891 1760 920 1819 et
974 1785 1162 1826 communem
1177 1771 1340 1840 conventui,
1357 1771 1406 1827 sed
1422 1771 1520 1828 sibiet
1535 1773 1609 1845 parti
1625 1789 1684 1829 sure
1700 1774 1798 1846 potius

93 1861 324 1926 solticitudinem
341 1858 512 1916 eorumdem
527 1853 851 1928 Constantinopolitana
866 1853 919 1908 llo·
974 1866 1087 1932 patrem
1098 1859 1240 1932 eligerent
1257 1859 1426 1933 specialem.
1443 1861 1490 1918 Sio
1503 1861 1605 1935 igitur,
1622 1861 1798 1919 iacientibus

89 1956 179 2017 olesis
198 1954 234 2010 ad
267 1950 451 2007 devotionem
472 1946 606 2003 Ecclesia
631 1947 768 2002 Romana
800 1942 918 2010 rediret,
972 1947 1797 2024 vobis‚astlaetum,ut,dumquitibetvestrumnonquae

90 2045 159 2120 quia
173 2048 273 2100 tamen
289 2055 339 2096 eos
351 2036 563 2094 ciroumvenire
580 2050 632 2092 neo
646 2033 783 2091 volumus
799 2048 852 2090 neo
867 2033 916 2089 de·
971 2037 1041 2094 lesu
1053 2035 1162 2095 Christi
1178 2039 1305 2107 luerunt,
1321 2040 1372 2095 sed
1397 2055 1452 2096 sua
1474 2040 1583 2114 potius,
1600 2044 1752 2113 quareret,
1770 2045 1799 2098 et

89 2127 514 2204 bemus,veremuraosdenuo
525 2122 837 2181 excommunicationis
849 2138 918 2179 seo·
973 2127 1575 2202 nonoommnnemmatrisutilitatem,sed
1592 2130 1797 2204 propriacom·

88 2223 212 2283 tentiam
225 2214 560 2288 incurrisse,multisque
575 2213 698 2283 videtur,
712 2213 787 2285 quod
804 2228 821 2267 a
836 2215 917 2267 reatu
972 2217 1060 2273 moda
1075 2219 1253 2287 procuraret,
1270 2222 1365 2274 mater
1378 2221 1477 2276 vestra
1488 2219 1607 2276 viduata
1623 2225 1739 2294 pastore
1754 2218 1798 2274 vi·

89 2310 211 2387 perjurii
227 2308 397 2366 nuliatenus
417 2305 477 2361 sint
498 2305 656 2371 immunes,
673 2303 752 2375 quod
767 2305 868 2359 eontra
887 2299 916 2356 id
971 2305 1292 2380 duitatisopproprium
1303 2307 1582 2366 diutiussustineret
1595 2308 1796 2381 :et,quoniam

88 2403 186 2460 uenire
204 2395 460 2472 presumpserint,
475 2394 553 2466 quod
570 2395 612 2450 eis
628 2391 807 2465 prohibitum
823 2390 919 2446 iuerat
971 2392 1143 2450 trahebatur
1156 2394 1186 2450 in
1201 2399 1309 2467 partes,
1326 2398 1355 2451 et
1369 2395 1494 2453 diversis
1508 2398 1668 2470 cogebatur
1682 2401 1795 2454 amato·

90 2492 147 2550 sub
167 2489 266 2546 debito
285 2486 460 2559 juramenti.
477 2481 550 2550 Quia
570 2498 637 2539 vero
652 2481 786 2554 ipsorum
811 2479 916 2538 salutis
970 2482 1052 2539 ribus
1078 2482 1237 2551 deservire,
1266 2489 1419 2558 cogeretur
1444 2486 1560 2543 tandem
1581 2487 1616 2543 ad
1634 2502 1686 2542 nos
1711 2503 1795 2543 susm

89 2576 320 2638 sollicitudinem
335 2572 466 2646 gerimus
483 2569 671 2644 pastoralem,
687 2586 842 2627 monemus
857 2570 917 2626 tra·
970 2569 1193 2644 quaerimoniam
1211 2572 1368 2643 destinare,
1392 2590 1458 2630 oum
1482 2574 1560 2632 inter
1588 2575 1755 2633 nominatos
1780 2592 1797 2633 a

91 2668 261 2728 tornitatem
276 2669 415 2726 vestram,
431 2665 459 2717 et
474 2677 525 2733 par
539 2658 700 2733 apostolica
716 2659 797 2716 vobis
807 2659 917 2731 scripta
969 2661 1052 2718 vobis
1067 2661 1215 2718 contentio
1231 2661 1323 2733 iterat,
1341 2667 1406 2719 uter
1421 2669 1499 2721 esset
1515 2665 1620 2738 potior,
1634 2671 1664 2722 et
1679 2665 1797 2722 deberet

66 2756 278 2822 mandamus,
293 2755 440 2825 quatenus
462 2749 577 2806 instetis
593 2748 713 2806 monitis
733 2754 762 2805 et
783 2748 915 2805 exhorta·
970 2750 1069 2824 potius
1084 2750 1224 2807 obtinere.
1241 2750 1322 2808 Licet
1342 2758 1451 2824 autem,
1477 2758 1541 2824 post
1569 2753 1796 2811 commissiones

87 2846 221 2907 tionibus
236 2842 314 2915 apud
330 2857 391 2913 eos,
407 2844 441 2895 ut
456 2854 506 2910 per
520 2838 634 2912 legatos
651 2843 778 2907 nostros,
793 2837 840 2895 vel
863 2853 914 2894 eo·
970 2855 1059 2912 quam
1075 2838 1174 2911 plores
1189 2856 1206 2895 a
1222 2840 1307 2896 nobis
1323 2841 1378 2896 sub
1394 2845 1472 2898 certa
1488 2842 1591 2910 torma,
1608 2841 1686 2899 sicut
1711 2840 1797 2914 plene

88 2950 155 2993 rum
176 2932 315 3001 alterum,
329 2927 374 2985 vel
398 2927 488 2984 alium
512 2926 608 2982 virum
630 2926 802 2996 discretum,
826 2941 913 2998 quem
970 2926 1104 2997 novistis,
1128 2929 1275 3000 obtentas,
1292 2930 1454 2986 nominatio
1480 2930 1568 2987 tuerit
1590 2935 1716 3003 utraque
1731 2947 1799 2986 cas·

88 3028 213 3095 uterque
228 3019 272 3076 uel
287 3016 371 3076 aliter
392 3032 493 3074 eorum
510 3016 545 3071 ad
562 3015 617 3072 boo
638 3016 753 3072 duxerit
774 3015 913 3089 delegan·
969 3021 1043 3083 sata,
1056 3016 1176 3088 quidam
1191 3022 1290 3073 tamen
1304 3023 1434 3074 vestrum
1451 3018 1612 3088 hominem,
1625 3019 1676 3091 qui
1691 3020 1797 3076 vestris

86 3111 229 3186 gaudum,
241 3105 435 3164 absolutionis
450 3103 626 3160 beneficium
642 3103 744 3160 devote
758 3102 914 3176 quaesitum
929 3082 952 3151 G
970 3123 1030 3163 non
1044 3106 1235 3162 conveniebat
1246 3107 1372 3176 actibus;
1390 3112 1491 3181 utpote
1506 3109 1696 3181 professionis
1721 3107 1793 3164 alte·

87 3199 237 3276 percipere
246 3196 351 3253 invare
363 3193 461 3251 cordis
472 3193 646 3249 contritione
658 3197 822 3264 procurent,
834 3198 863 3249 at
872 3193 915 3249 sio
969 3196 1042 3264 rius,
1058 3194 1194 3252 videlieet
1208 3194 1349 3252 dilectum
1365 3197 1461 3253 lilium
1479 3239 1486 3253 .
1508 3239 1515 3254 .
1533 3240 1539 3254 .
1563 3237 1570 3252 .
1591 3198 1725 3255 abbatem
1740 3199 1795 3255 Cu·

88 3283 915 3358 reconciliatiecclesiastioaunitatietsiopurgatialabo
969 3285 1040 3342 racii
1062 3285 1150 3355 (505),
1174 3284 1232 3341 sibi
1267 3291 1519 3358 presumpserunt
1556 3286 1663 3360 eligere
1686 3287 1716 3342 in
1744 3287 1795 3343 ab·

40 3432 43 3437 .
89 3378 258 3445 eriminum,
275 3375 307 3430 in
331 3371 507 3445 obsequium
522 3373 591 3429 lesu
610 3371 716 3429 Christi
745 3375 914 3444 procedant,
969 3374 1078 3431 batem.

86 3469 134 3528 oui
149 3467 244 3536 aliter,
258 3465 336 3524 sicut
350 3463 510 3531 credimus,
528 3480 585 3520 non
597 3462 753 3537 placerent.
766 3465 823 3521 Vos
839 3482 914 3539 quo·
1005 3461 1159 3533 Ceterum,
1175 3463 1310 3535 quamvis
1326 3462 1461 3520 abbatem
1486 3465 1584 3538 ipsum
1607 3464 1704 3521 virum
1728 3463 1794 3520 reli·

87 3574 156 3631 que,
168 3556 194 3613 si
210 3553 419 3612 consentiendo
437 3569 539 3610 eorum
556 3553 670 3610 actibus
681 3556 915 3613 excommunica·
969 3552 1084 3625 giosum
1100 3567 1165 3609 esse
1180 3551 1346 3609 noverimus
1361 3552 1592 3624 etinstractum,
1607 3553 1638 3611 in
1653 3553 1793 3626 spiritua·

87 3645 178 3705 tionis
189 3643 335 3700 maculem
347 3642 526 3710 incurristis,
539 3642 630 3698 simili
641 3644 789 3701 modovos
800 3643 914 3701 iacietis
969 3640 1046 3697 libus
1061 3645 1091 3696 et
1105 3642 1134 3696 tn
1150 3640 1365 3713 temporalibus
1379 3642 1638 3715 circumspectum,
1662 3643 1731 3714 quia
1752 3645 1795 3697 ta·

88 3733 211 3793 absolvi.
228 3731 367 3800 Quamvis
383 3736 492 3798 autem,
506 3738 539 3788 ut
549 3732 658 3788 veritas
673 3748 723 3790 eos
738 3733 851 3802 libaret,
863 3751 915 3791 no·
970 3746 1037 3786 men
1052 3730 1257 3787 cisterciensis
1279 3731 1391 3787 ordinis
1416 3731 1564 3801 monachi,
1578 3732 1632 3788 etsi
1654 3729 1795 3802 Regulam

86 3823 231 3880 luerimus
246 3819 432 3893 supprimere
444 3821 606 3889 veritatem,
618 3826 832 3892 eustermonat
846 3823 915 3881 alie·
969 3819 1047 3876 beati
1063 3819 1212 3876 Benedicti
1238 3826 1411 3892 sequantur,
1435 3822 1543 3879 babent
1562 3825 1660 3877 tamen
1677 3819 1794 3894 propria

87 3912 146 3981 nis,
162 3918 189 3968 et
205 3909 333 3968 maxime
347 3909 466 3978 Grecis,
483 3926 538 3967 sua
552 3911 679 3968 uerenda
694 3928 751 3968 non
766 3913 915 3986 detegant,
969 3909 1117 3980 instituta,
1133 3913 1162 3965 ct
1177 3925 1194 3964 a
1208 3909 1291 3965 vobis
1302 3914 1362 3966 tanr
1374 3910 1576 3983 habituquam
1589 3911 1646 3967 ritu
1658 3909 1797 3966 differunt

81 3999 211 4059 sollicite
237 3997 411 4071 procuretis,
428 4014 464 4055 ne
488 3999 562 4056 torte
589 3999 716 4057 scintilla
741 4001 915 4075 devotionis,
968 3999 999 4055 in
1022 3998 1212 4073 quibusdam,
1229 3999 1357 4056 solentes
1380 4001 1459 4074 quod
1475 4017 1534 4057 non
1550 4002 1624 4057 bene
1652 4003 1753 4056 aratur
1768 3998 1799 4054 in

85 4106 151 4162 quas
164 4090 194 4146 in
209 4088 274 4162 ipso
288 4086 466 4160 imperatore
480 4087 595 4145 videtur
608 4104 741 4160 accensa,
761 4090 791 4147 in
811 4093 915 4164 Jactu-
970 4089 1042 4145 bove
1054 4086 1193 4163 elesino,
1208 4103 1262 4144 nec
1276 4088 1426 4146 induenda
1440 4094 1487 4147 est
1499 4089 1590 4146 vestis
1613 4104 1648 4145 ex
1664 4089 1731 4144 lana
1758 4086 1794 4143 li·

86 4194 162 4245 ram,
187 4194 246 4236 non
269 4181 331 4234 tam
357 4180 488 4234 nostram
514 4192 603 4249 quam
629 4194 726 4247 auam,
749 4181 843 4252 possit
866 4198 915 4238 ex·
971 4193 1067 4250 noque
1082 4177 1377 4249 contexta,et,juxts
1392 4179 1569 4236 sententiam
1585 4177 1715 4235 ethnici:

86 4269 211 4343 stingui.
1006 4269 1064 4324 lton
1081 4266 1148 4324 leae
1162 4268 1316 4339 inaequales
1329 4277 1445 4326 venrant
1459 4269 1496 4325 od
1509 4272 1606 4325 aratro
1619 4266 1741 4335 iaceret

120 4359 228 4417 Datum
245 4356 428 4430 Anagniae...
445 4373 522 4414 anno
539 4363 631 4416 sexto.
1600 4339 1708 4412 (Ovm.)

414 4489 579 4548 CCXXXHI
930 4458 955 4525 D
969 4426 1150 4485 dilectionem
1160 4427 1330 4500 hujusmodi
1346 4445 1403 4486 non
1415 4428 1797 4503 duximusapprobandam.

969 4518 1010 4575 Ne
1025 4520 1124 4574 autem
1144 4516 1273 4574 Ecclesia
1292 4523 1390 4576 vestra
1404 4518 1516 4576 diutius
1529 4522 1669 4576 exuestra
1684 4517 1799 4574 disson·

170 4596 272 4637 fflffl
287 4578 362 4652 (5⁰⁴)
376 4593 410 4634 Π
423 4594 635 4739 ῗέἷῗέζῗᾶἰῑ
648 4600 834 4645 militm·
969 4607 1050 4664 tione
1061 4607 1316 4675 vacarat,atuidua
1326 4609 1356 4664 in
1367 4608 1495 4666 illiorum
1508 4608 1594 4667 etiam
1609 4607 1797 4681 dispendium

340 4764 346 4777 ι
969 4702 1144 4766 remaneret,
1169 4697 1309 4770 detribu,
1339 4705 1368 4758 et
1386 4700 1561 4775 cognatione
1586 4700 1750 4758 suavirum
1771 4699 1798 4754 ei

120 4766 136 4825 J
142 4765 217 4823 ustis
237 4768 412 4838 petentium,
428 4769 496 4837 eto,
512 4783 598 4841 arque
612 4787 746 4830 assensu.
771 4775 915 4836 Ecclesiae
968 4785 1109 4844 duximus
1124 4786 1350 4859 providendum,
1366 4791 1416 4861 qui
1436 4794 1518 4847 ampo
1535 4790 1658 4862 majori,
1682 4787 1709 4845 οἱ
1725 4786 1797 4844 ᾱῑιθ.

85 4856 121 4914 de
136 4855 233 4930 plaga,
245 4854 461 4957 ettdel'lames,
475 4873 548 4928 qaas
563 4859 599 4915 de
609 4863 798 4923 concessione
808 4866 915 4927 dimoe-
968 4875 1076 4933 ottonis
1101 4876 1251 4934 exhiberet
1266 4878 1414 4949 affectum,
1435 4883 1464 4937 et
1479 4878 1560 4935 illius
1574 4878 1605 4935 in
1621 4895 1653 4936 se
1667 4877 1796 4935 necessi-

85 4959 225 5005 sanorum
237 4960 444 5047 episcoporum
460 4962 528 5048 oum
539 4952 708 5008 earumdem
723 4958 912 5025 patronorum
967 4969 1044 5024 tates
1054 4966 1229 5038 susciperet,
1244 4970 1273 5024 et
1287 4967 1573 5041 roboraretintlrma,
1587 4971 1697 5040 quanto
1708 4967 1744 5023 ad
1767 4966 1796 5023 id

87 5050 212 5095 assensu
240 5050 271 5089 m
287 5048 360 5138 usus
385 5051 520 5108 proprws
543 5040 840 5111 converterimus
864 5063 914 5105 aas
968 5054 1224 5131 amplinsratione
1243 5056 1355 5131 duplici
1383 5062 1510 5116 tenetur.
1530 5058 1674 5115 Dilectum
1696 5056 1798 5129 itaque

82 5125 177 5199 luitis
193 5127 249 5182 eto.
265 5123 345 5182 Nulh
360 5140 441 5198 “8⁰2
457 5129 512 5183 eto.
968 5145 1074 5215 lilium,
1090 5146 1279 5219 t.quoudum
1290 5148 1474 5221 capellanum
1487 5153 1633 5219 nostrum,
1643 5148 1740 5204 virum
1753 5162 1798 5202 ro·

121 5266 913 5395 SQ⁰4tR0b0tl¹¹⁸rA¹bffimssrlffl⁸beiflNotjmpnoim
968 5290 1035 5346 dam
1069 5291 1237 5349 reseruntur
1270 5293 1300 5349 in
1333 5293 1480 5350 llouustioo
1503 5293 1666 5362 loplicoao,
1700 5294 1721 5347 t.
1748 5289 1799 5353 ΙΙΙ,

87 5354 121 5396 ss
142 5355 168 5396 rs
183 5340 292 5396 ducitur
316 5354 402 5394 aunis
427 5340 497 5394 1190
520 5344 548 5397 et
564 5343 654 5413 1204;
672 5356 799 5406 occurrit
813 5368 844 5408 un
867 5371 914 5411 ιιι·
968 5378 996 5435 p.
1014 5362 1077 5418 452,

87 5410 265 5470 strumentis
290 5426 366 5467 anno
391 5410 470 5476 1198,
487 5427 594 5498 mense⁰
609 5414 796 5501 Juni0.tiell.
812 5423 913 5482 claret.
1004 5434 1079 5506 (505)
1101 5433 1176 5493 Vide
1218 5434 1373 5509 epistolam
1399 5435 1525 5509 hujusce
1539 5434 1607 5493 libri
1635 5432 1720 5502 sexti,
1747 5433 1800 5488 220

86 5485 110 5539 t.
125 5482 174 5550 ill,
191 5482 246 5540 ool.
261 5483 325 5538 276.
346 5481 401 5538 Sed
417 5480 544 5541 tortasse
566 5485 613 5544 bro
627 5493 777 5562 spaurde
795 5496 915 5557 abbatia
968 5508 1030 5562 not.

87 5555 119 5613 8.
147 5552 264 5613 tlartini
288 5551 469 5611 albemarle
483 5553 514 5611 tn
536 5557 651 5633 anglia,
681 5563 717 5620 de
758 5582 817 5639 qua
835 5585 915 5642 quae.
