3780 6000
98 206 239 261 135·

564 207 832 265 inuocantium
851 210 906 263 PF.
925 208 1258 264 eudaemonem.
1279 209 1327 264 Vl.

1748 206 1801 262 136

97 331 172 387 senti
188 348 374 400 consensum,
390 336 418 389 at
428 331 574 390 carnalem
589 332 724 405 copulam
747 331 918 404 accessisse,
933 334 961 402 Α
976 347 1012 389 ue
1028 332 1172 403 cognovit,
1186 349 1244 390 non
1259 336 1304 390 est
1319 336 1418 389 tamen
1431 330 1625 405 aliquomodo
1636 331 1804 409 probatum,

96 421 225 493 viripse,
240 422 377 495 quamvis
392 425 575 479 contractum
587 420 771 496 sponsalium
786 421 924 479 etcarnis
975 422 1053 495 qnod
1083 427 1241 496 antequam
1274 421 1338 495 ipse
1365 421 1551 495 cognovisset
1578 421 1693 492 eadem,
1722 428 1805 493 pater

97 510 231 582 capulam
248 527 307 567 non
320 515 449 585 negaret,
465 512 617 569 asserebat
637 515 736 568 tanam
751 528 783 568 sc
797 510 879 568 illam
892 511 923 569 in
975 511 1040 583 ejus
1055 517 1084 569 et
1099 517 1222 585 patruus
1237 512 1438 570 contradicere
1450 512 1645 570 curavissent.

98 618 216 659 uxorem
242 602 348 658 ducere
373 619 431 658 non
455 603 559 670 teneri,
583 601 653 673 qnia
678 599 829 673 sponsalia
848 600 926 658 inter

96 691 177 763 ipsos
190 691 245 746 sub
261 690 316 746 bac
333 690 449 747 inerant
464 689 632 747 conditione
647 689 837 758 contracta,si
850 689 923 750 vide.

93 778 159 837 licet
175 779 250 852 (888)
261 786 343 852 pater
356 778 782 852 ejusetpatruussponsalibus
799 795 923 836 consen-

95 871 194 927 tirent.
210 870 265 926 Sed
279 870 336 942 ipsi
350 869 506 941 quamcito
523 873 677 937 noverunt,
693 873 722 925 et
733 886 841 940 sponso
856 885 924 924 con·

1011 602 1119 659 Datum
1134 602 1293 670 Ferentini,
1314 619 1335 659 u
1349 601 1392 658 ld.
1408 600 1492 658 iulii.

1348 691 1430 749 cxx,

976 797 1004 836 ιι.
1021 797 1160 849 marcar,
1176 798 1211 836 ss
1225 797 1254 836 a.
1284 796 1382 835 raram
1410 796 1446 834 na
1473 795 1801 848 noma-carnososuu3

1054 869 1078 922 s,
1092 870 1130 909 ns
1145 869 1238 922 sacro,
1253 866 1395 908 manusco
1408 870 1416 920 ;
1433 867 1722 909 aoruousosrvsrsus.

95 959 280 1015 tradixerunt
295 964 323 1016 at
339 957 622 1031 sponsae‚qssodidsm
633 960 677 1014 vir
693 958 924 1015 idonnsaiteto·
975 939 1093 1000 Humi
1107 943 1166 999 αθ·
1184 940 1323 999 ⁸⁰⁶trd⁰²⁶
1337 941 1371 997 de
1393 939 1516 997 emlin-
1540 941 1734 1012 fraudulenter
1753 945 1799 1000 Ol·

96 1058 145 1105 tur
156 1048 272 1105 testibus
286 1047 473 1116 comprobare.
501 1051 610 1104 'lerum
627 1046 734 1103 mulier
749 1047 924 1119 replicabat,

96 1138 172 1210 quod
189 1136 256 1193 licet
271 1137 344 1193 fides
355 1137 486 1209 prestita
501 1136 633 1193 tueritab
645 1141 772 1205 utroque
783 1137 838 1193 sub
850 1153 922 1194 con·

95 1227 203 1284 ditione
218 1227 399 1301 praescripta,
415 1243 474 1284 nan
489 1227 604 1299 tamen}
616 1227 672 1284 sibi
699 1226 796 1282 iuerat
811 1245 827 1283 a
842 1231 925 1299 patre

93 1316 158 1386 viri,
175 1316 219 1374 vel
231 1322 336 1390 patruo
364 1317 525 1389 aliquando
555 1316 784 1386 contradictum,
813 1320 842 1372 et
856 1321 924 1373 ante

95 1411 213 1479 tempus
241 1405 484 1463 contradictionis
509 1421 715 1477 expressnma
742 1405 879 1470 restibus,
895 1409 925 1462 et

93 1500 160 1567 post
172 1494 245 1550 illud
260 1495 378 1551 dicebat
393 1494 512 1550 interae
520 1492 668 1550 carnalem
678 1492 815 1566 copulam
824 1510 925 1551 acces·

93 1584 189 1653 sisse;
213 1583 340 1639 addebat
364 1586 514 1655 preterea,
531 1582 614 1654 quod
639 1580 708 1639 licet
736 1599 754 1638 a
779 1584 924 1657 principio

94 1671 329 1729 conditionaliter
343 1672 570 1739 contraxissent,
586 1672 727 1744 temporis
743 1676 839 1729 minen
857 1691 962 1768 pro-B

94 1777 180 1818 cassu
196 1761 260 1818 sine
277 1761 453 1817 conditionis
469 1761 755 1834 adjectionepurein
768 1763 922 1820 matrimo-

97 1851 177 1907 nium
193 1855 418 1922 eonsenserunt‚
435 1855 464 1907 et
478 1851 533 1907 boc
557 1852 708 1908 asserebat
735 1869 767 1909 se
795 1853 924 1912 testibus

95 1939 924 2013 probaturam.Receptisitaquetestibusntriusque,eum

96 2028 298 2086 attestationes
308 2028 450 2101 mulieris,
462 2045 561 2086 coram
571 2029 924 2102 tepresentibusduobus

97 2118 358 2189 examinatoribus,
374 2119 483 2175 iaceres
500 2117 655 2191 publicari,
678 2124 779 2187 testes,
796 2136 924 2192 qnorum

97 2206 175 2264 dicta
183 2206 366 2280 legebantur,
378 2207 456 2264 illico
465 2207 687 2280 proclamarunt
697 2209 772 2279 quod
785 2207 843 2281 ipsi
859 2226 923 2281 qus

93 2295 266 2369 legebantur
281 2313 339 2353 nan
356 2296 498 2363 dixerant,
509 2301 611 2369 etqua
629 2297 836 2371 deposuerant,
853 2298 925 2355 seri·

93 2390 144 2457 pta
158 2401 217 2442 noa
232 2389 326 2454 erant,
338 2386 388 2442 sed
400 2386 437 2441 ab
453 2402 512 2443 uno
522 2386 758 2443 examinatorum
770 2391 842 2444 tune
856 2403 923 2444 eon·

92 2478 140 2532 tra
154 2490 203 2532 eos
219 2474 274 2530 init
290 2472 412 2531 tortiller
425 2475 586 2541 obviatum,
598 2479 626 2531 et
638 2475 675 2532 ab
686 2475 740 2532 boc
756 2475 861 2532 muller
872 2492 922 2549 po·

32 2622 36 2627 ,
92 2563 236 2631 stulabat,
250 2569 285 2619 ut
300 2563 487 2633 idemtestes,
500 2563 545 2620 vel
557 2562 605 2619 alii
617 2581 706 2636 super
716 2564 827 2622 eisdem
841 2567 923 2639 cepi·

91 2651 924 2721 tulisiterumaudirentur.Tuautem,baenevitateoom·

92 2747 202 2813 motus,
221 2746 394 2815 sequentem
408 2741 628 2815 diempartibus
638 2743 799 2815 prebuisti,
811 2745 922 2818 quibus

90 2830 123 2888 ln
137 2835 189 2889 tua
203 2830 360 2905 prasentia
373 2830 551 2899 constitutis,
575 2848 678 2889 omnes
706 2834 921 2891 examinatores

91 2919 243 2977 convocari
253 2918 385 2991 jussisti,
401 2920 458 2976 sub
470 2919 710 2978 interminatione
720 2921 920 2980 anathematis

1273 1015 1364 1069 lenter
1384 1015 1504 1069 reuocet.

1197 1100 1369 1174 (Ferentini,
1385 1117 1412 1157 vv
1428 1101 1469 1158 ld.
1485 1100 1579 1175 lulli.)

1010 1196 1051 1251 Fa
1064 1198 1165 1250 tenore
1181 1190 1359 1260 litterarum,
1376 1208 1450 1265 quaa
1471 1191 1556 1248 nobis
1584 1207 1636 1265 per
1663 1191 1805 1249 dilectum

975 1282 1080 1352 filium,
1097 1282 1149 1339 Pb.
1161 1280 1284 1337 latorem
1301 1279 1503 1352 presentium,
1523 1280 1708 1352 destinastis,
1720 1280 1805 1337 intel·

975 1372 1100 1429 luximus
1116 1369 1275 1441 evidenter,
1286 1371 1319 1426 a.
1330 1369 1511 1426 sacerdotem
1524 1369 1559 1424 de
1569 1367 1701 1425 Celerill.
1714 1385 1748 1427 sc
1761 1368 1805 1425 di-

975 1461 1065 1518 lectos
1082 1459 1169 1525 illics,
1185 1458 1220 1515 de
1235 1458 1368 1515 Prata...
1384 1458 1421 1514 de
1437 1446 1764 1531 Monte-Leprosorum‚
1776 1462 1805 1513 et

976 1546 1073 1605 Sancti
1089 1545 1180 1603 Laudi
1191 1545 1314 1618 priores,
1331 1545 1595 1618 Rotbomagenses,
1612 1561 1702 1619 super
1722 1562 1804 1619 qua·

976 1637 1083 1700 stione,
1098 1652 1162 1708 qua
1176 1632 1365 1706 interipsum
1381 1638 1410 1690 et
1423 1633 1566 1690 dilectum
1592 1632 1699 1704 filium,
1716 1634 1805 1689 abba·

977 1732 1036 1783 tem
1051 1725 1125 1797 (289)
1138 1728 1167 1781 et
1181 1727 1357 1780 conventum
1373 1723 1409 1778 de
1429 1722 1531 1793 Becco,
1560 1739 1650 1795 anper
1674 1720 1805 1778 manerio

977 1822 1012 1878 de
1027 1813 1297 1875 collavilletrebus
1307 1812 1519 1880 aliisvertitur,
1538 1812 1652 1869 litteras
1666 1811 1806 1886 apostoli·

977 1921 1027 1962 cas
1041 1905 1226 1977 impetrasse,
1242 1902 1304 1974 qui,
1326 1919 1394 1958 eum
1409 1906 1522 1974 partem
1548 1902 1688 1958 citassent
1702 1903 1805 1959 adver·

977 2010 1052 2062 sara,
1067 1993 1164 2049 dictus
1177 1991 1330 2064 presbyter
1358 2007 1457 2047 coram
1483 1989 1526 2047 eis
1555 1990 1651 2046 noluit
1678 1989 1806 2063 litigare.

977 2083 1168 2140 Postmodum
1184 2096 1262 2149 vero,
1274 2079 1350 2136 idem
1367 2079 1520 2152 presbyter
1534 2095 1623 2151 super
1638 2079 1740 2136 eodem
1757 2095 1806 2135 ne-

976 2171 1054 2244 gotio
1069 2169 1151 2228 vobis
1167 2173 1285 2226 nostras
1299 2167 1413 2224 litteras
1427 2168 1622 2240 presentavit,
1640 2171 1670 2225 in
1696 2169 1807 2241 qnibus

977 2261 1012 2317 de
1023 2260 1170 2332 prioribus
1181 2256 1291 2314 mentio
1301 2273 1358 2313 nou
1369 2256 1467 2313 ilebat.
1479 2256 1613 2328 Cumque
1627 2273 1679 2314 vos
1689 2257 1720 2312 in
1737 2273 1807 2313 cau·

976 2344 1666 2419 sacognitionevelletisprocedere,partibuaad
1677 2353 1804 2404 vestram

976 2435 1160 2512 presentiam
1176 2433 1804 2508 convocatis,memoratusabbasproposuit

975 2543 1073 2587 eoram
1088 2527 1182 2598 vobis,
1197 2525 1275 2599 quod
1290 2541 1348 2583 non
1363 2528 1512 2582 teneretur
1526 2542 1577 2598 per
1592 2524 1658 2582 illas
1688 2526 1803 2585 litteras

975 2619 1129 2693 sepedicto
1157 2616 1325 2691 presbytero
1353 2616 1542 2689 respondere,
1565 2632 1632 2672 cnm
1665 2617 1807 2690 paraliae

975 2710 1079 2768 luisset
1092 2710 1210 2777 citatus,
1222 2724 1284 2778 qua
1296 2707 1470 2764 auctoritate
1487 2705 1604 2764 illarum
1617 2724 1675 2766 non
1688 2708 1806 2766 inerant

973 2806 1125 2860 revocate.
1143 2804 1259 2868 Verum,
1272 2798 1341 2872 quis
1356 2815 1446 2873 super
1455 2799 1510 2856 boc
1519 2799 1689 2869 dubitastis,
1702 2801 1804 2858 aedem

973 2892 1099 2950 duxistis
1116 2891 1306 2964 apostolicam
1328 2889 1550 2947 consulendam.
1561 2890 1622 2947 Nos
1640 2890 1744 2963 igitur,
1756 2895 1805 2948 at·

90 3004 158 3065 illos
174 3009 335 3076 obtestans,
347 3012 380 3065 ut
394 3007 535 3077 dicerent,
551 3009 576 3066 si
596 3014 695 3067 essent
710 3009 767 3068 illae
781 3027 854 3068 varas
873 3016 919 3069 at·
971 2986 1124 3042 “mum
1139 2980 1441 3054 ff²⁰d⁰mpre⁸bit³fi
1451 2980 1617 3052 mmmm
1629 2981 1704 3037 ‘¹⁰⁸⁸
1719 2998 1802 3039 ⁰⁰¹³·

92 3095 264 3154 testationes
275 3096 385 3168 quibus
395 3096 583 3154 obviaverant
595 3101 684 3155 testes
696 3114 703 3154 :
716 3099 766 3173 qui
778 3099 916 3157 continuo

92 3182 166 3241 elias
180 3185 384 3242 attestationes
401 3185 430 3242 in
447 3186 576 3243 medium
590 3188 800 3260 produxerunt,
811 3189 919 3262 quibus

91 3289 159 3330 eum
175 3290 228 3347 per
247 3275 422 3332 advocatum
449 3274 501 3332 viri
527 3276 632 3332 luisset
658 3278 817 3350 objectum,
842 3279 921 3336 sient

91 3363 238 3436 prioribus
259 3364 353 3421 iuerat
367 3382 385 3420 a
399 3363 525 3421 testibus
547 3364 707 3436 obviatum,
731 3372 798 3439 post
812 3366 920 3441 allega·

4 3472 7 3477 ·
91 3451 187 3509 tiones
199 3452 387 3526 multiplices,
400 3454 535 3510 secunda
545 3455 747 3512 attestationes
758 3473 775 3511 a
785 3457 919 3529 partibus

90 3541 229 3597 admissas
245 3542 415 3607 incrustet
430 3543 634 3599 attestationes
645 3543 700 3602 viri
711 3549 811 3616 postea
823 3546 919 3617 publi·

88 3632 281 3697 cata.P0rro,
293 3630 918 3704 mulierilliprecipuearticuloinsistebat,

91 3717 169 3789 quod
181 3718 742 3793 anterenuntiationemsponsaliumet
754 3723 918 3794 postulem

88 3805 133 3861 vir
147 3805 304 3862 carnaliter
319 3807 415 3878 ipsam
426 3813 611 3880 cognoverat,
623 3813 651 3865 et
665 3826 700 3866 ex
710 3828 744 3867 ea
755 3810 846 3868 lrlinm
856 3829 920 3885 pro·

933 3069 955 3137 C
973 3075 1129 3134 missiones
1138 3072 1334 3145 superandam
1346 3069 1665 3145 negotioimpelrantis,
1677 3088 1805 3145 quarum

972 3165 1134 3222 alteraoon
1164 3162 1290 3221 iaciebat
1316 3161 1496 3219 mentionem
1520 3162 1557 3218 de
1585 3160 1710 3235 reliqua,
1728 3162 1802 3236 qnia

972 3257 1052 3314 iraus
1066 3259 1095 3313 et
1109 3253 1194 3312 dolus
1208 3254 1234 3310 ei
1251 3251 1427 3327 patrocinari
1443 3268 1502 3309 non
1523 3251 1642 3321 debent,
1658 3252 1799 3310 decerni-

972 3364 1039 3406 mos
1054 3350 1087 3404 ut
1102 3345 1164 3420 ipse
1177 3344 1332 3401 commodo
1348 3347 1445 3401 careat
1460 3343 1627 3417 utriusque.

1009 3440 1114 3496 Datum
1128 3435 1287 3505 Ferentini,
1304 3451 1332 3490 ιν
1348 3435 1416 3490 ldus
1431 3434 1447 3490 J
1452 3433 1514 3502 ulii,
1531 3451 1608 3491 anno
1623 3439 1715 3492 sexto.

1290 3524 1374 3583 cxxi
1396 3524 1480 3596 (290).

1221 3633 1360 3674 marsuae
1380 3631 1551 3673 uovaarerssr

1016 3712 1099 3766 Pecto
1115 3709 1241 3783 qaedam
1251 3708 1404 3766 coerceatur
1422 3705 1608 3780 repugnantia
1622 3706 1760 3763 dissoluit.

1153 3798 1325 3872 (Ferentini,
1341 3816 1381 3854 ιιι
1397 3796 1459 3854 llal.
1475 3796 1624 3871 Augusti.)

90 3896 919 3971 crearat,quodproprionitebaturostenderejuramen·
1007 3890 1376 3963 Cumplffilssfflldfflffllss
1404 3888 1436 3946 C·
1466 3889 1662 3962 ΙπθΰθῦθῦὃθΓ
1690 3890 1803 3955 1108808,

90 3986 130 4040 to.
147 3984 222 4049 Quia
232 4001 298 4041 vcro
309 4002 398 4057 super
410 3985 456 4042 bis
468 3986 622 4058 opiniones
636 4005 693 4044 noa
706 3988 802 4045 solnm
812 3991 918 4059 varias,
972 3977 1806 4057 quamdamordinationeminiquam‚quamdeinstitnen·

91 4073 142 4129 sed
156 4075 318 4130 contrarias
329 4074 478 4148 accepisti,
491 4077 527 4132 ad
539 4076 740 4149 magisterium
753 4077 918 4152 apostolica
971 4074 1017 4130 dis
1033 4072 1182 4130 canonicis
1197 4071 1234 4128 ad
1251 4069 1596 4128 beneiloianonvacantia
1608 4066 1805 4138 laceratique

91 4162 170 4218 sedis
185 4179 350 4231 recurrens,
366 4162 517 4221 humiliter
533 4164 687 4238 postulasti
703 4167 774 4240 quid
791 4169 918 4226 sentian·
971 4160 1802 4234 videlicet,quodqnilibetvestramnepotemanum,con·

90 4251 161 4307 dnm
175 4252 215 4308 sit
229 4252 260 4308 in
274 4252 385 4309 talibus
396 4254 520 4310 edoceri.
532 4254 707 4323 Nosantem,
718 4256 858 4329 inspectis
874 4263 917 4314 at·
971 4254 1169 4327 sanguineum
1184 4251 1228 4309 vel
1244 4251 1372 4308 amicum
1387 4250 1416 4307 in
1433 4248 1802 4323 ipsaecclesiaordinarat,

41 4390 44 4395 .
88 4340 297 4399 testationibus
310 4342 484 4400 admissisa
512 4345 657 4417 partibus,
673 4363 746 4417 quas
762 4347 846 4405 nobis
859 4348 918 4406 tuis
967 4341 1598 4418 justitiacassaveriteaigente,nunc,sient
1622 4340 1803 4414 accepimus,

89 4428 198 4486 misisti
214 4429 320 4487 litteris
332 4429 517 4504 interclusas]
528 4432 739 4492 consultationi
750 4439 805 4492 tua
821 4435 919 4494 taliter
933 4435 956 4502 D
971 4439 1073 4493 contra
1088 4433 1281 4492 cassationem
1296 4432 1467 4505 hujusmodi
1479 4432 1614 4489 fraudem
1627 4430 1804 4487 adhibentes

87 4519 917 4598 respondemus3qnod,cumliquidoennstet,percenses·
973 4531 1002 4583 et
1017 4524 1129 4593 dolam,
1146 4525 1182 4580 ad
1194 4522 1409 4580 ordinationem
1425 4523 1560 4579 eamdem
1576 4520 1620 4578 vel
1640 4520 1800 4578 consillum

88 4607 438 4682 sionemtamviriquam
451 4609 918 4687 mulieris,quodpostcontraeta
973 4614 1170 4690 processistis,
1198 4629 1266 4670 cnm
1296 4611 1484 4685 prebendam
1517 4626 1620 4667 vacare
1647 4608 1803 4682 contingit,

87 4695 238 4768 sponsalia
254 4695 381 4753 carnalis
395 4702 441 4754 est
454 4696 533 4754 inter
547 4715 598 4755 eos
612 4700 721 4773 copula
747 4703 916 4775 subsecuta,

88 4784 918 4860 prematrimonioquidempraesumendumestvehemen·

87 4877 142 4943 ter,
158 4874 228 4947 quia
243 4875 356 4933 videtur
370 4876 742 4951 aconditioneinterpoaita
749 4883 915 4939 recessisse.

86 4961 172 5030 Nam,
187 4964 242 5021 etsi
259 4964 415 5036 probatum
429 4966 468 5022 sit
484 4969 636 5040 uteunque
652 4983 704 5040 per
719 4971 821 5042 testas,
837 4973 916 5044 quod

87 5055 245 5126 postquam
262 5057 346 5125 pater
360 5059 388 5110 et
403 5059 528 5129 patruus
543 5056 598 5113 viri
613 5058 815 5117 contradixere
830 5077 917 5133 apan-

86 5138 296 5210 salibas,idem
306 5140 350 5197 vir
360 5141 514 5200 mulierem
523 5142 605 5201 illam
616 5146 726 5204 carnali
738 5147 917 5206 commistio·

122 5323 199 5396 (288)
215 5321 354 5380 Decretal.
371 5339 430 5380 om.
446 5323 534 5382 verbs
556 5325 673 5382 cursivo
688 5326 857 5387 charactere
871 5333 917 5390 di-

86 5395 196 5451 stinota
210 5395 257 5451 bic
274 5400 303 5451 et
323 5393 410 5451 inira.

123 5464 387 5538 (mlduillelmus
403 5466 438 5536 ΙΙ,
454 5467 547 5525 abbas
571 5468 608 5525 ds
636 5467 737 5539 Becco,
768 5474 819 5544 qui
844 5477 918 5535 obiit

86 5552 135 5594 xrv
148 5536 211 5595 Kal.
234 5536 368 5595 Octobris
383 5542 460 5594 enno
477 5538 556 5613 tall,
573 5539 711 5608 sedites
731 5541 916 5622 chronogra-

973 4722 1066 4764 nnum
1079 4704 1213 4778 eligendo
1228 4704 1263 4760 de
1278 4702 1348 4776 illis,
1370 4718 1495 4776 quarum
1507 4701 1653 4759 ordinatio
1667 4705 1714 4758 est
1738 4716 1802 4758 css-

972 4801 1046 4867 sata,
1062 4796 1124 4870 qui,
1139 4793 1182 4851 vel
1198 4792 1276 4850 alius
1292 4810 1344 4867 pro
1359 4809 1403 4863 eo,
1416 4791 1601 4866 pactionibus
1615 4790 1661 4849 vel
1676 4789 1802 4864 stipula·

972 4885 1103 4944 tionibus
1118 4882 1364 4956 obligatur,qnod
1376 4880 1457 4937 illius
1473 4879 1801 4955 prebendaproventus

972 4975 1085 5049 rediget
1097 4974 1128 5030 in
1144 4972 1306 5042 communi,
1321 4976 1350 5029 et
1365 4970 1439 5029 nihil
1455 4970 1584 5044 amplius
1612 4970 1683 5026 inde
1710 4985 1798 5042 qnam

972 5061 1802 5138 unosaliorumpercipietcassatorum,etboojnramsnlo

972 5157 1110 5218 firmastis
1118 5156 1197 5232 quod
1210 5157 1247 5214 ad
1255 5155 1427 5213 electionem
1438 5170 1489 5212 sen
1500 5152 1715 5211 ordinationem
1725 5151 1802 5209 alte·

971 5337 1041 5410 pho,
1063 5337 1149 5394 annis
1178 5336 1222 5403 13,
1253 5333 1406 5393 mansibus
1428 5336 1457 5401 2,
1485 5337 1515 5391 et
1543 5331 1661 5392 duabus
1689 5331 1804 5390 bebdo-

971 5408 1078 5476 madia,
1107 5424 1164 5465 uno
1189 5408 1237 5465 die
1261 5411 1391 5480 excepto.
1430 5404 1499 5462 Gall.
1541 5406 1647 5465 ciriae.
1689 5409 1711 5461 t.
1754 5402 1802 5475 lli,

971 5479 1168 5625 coltggil'ida
1181 5547 1378 5624 ltaynaldunr,
1394 5564 1471 5605 anno
1482 5548 1562 5620 1203,
1576 5551 1592 5620 fi
1604 5549 1652 5606 88.
