3780 6000
93 237 163 297 leit
560 241 770 298 trinoctium
791 241 828 296 iil
847 238 901 295 PP.
922 238 1169 297 REGESTORUM
1186 240 1255 295 Lis.
1275 240 1325 295 XI.
1744 242 1802 301 itit

94 364 723 438 petitionemipsiussuperrestiiutionetam
734 364 920 436 episcopatus
934 362 961 432 Α
975 362 1055 420 daret
1070 379 1155 435 paena
1170 361 1303 437 dignum,
1320 364 1354 420 ad
1371 362 1581 421 contusionem
1605 364 1707 437 ipsius
1730 368 1798 424 ecli-

96 469 185 525 qunm
206 454 375 527 patrimonii
387 452 443 511 sibi
457 454 586 526 plenarie
605 453 739 509 iacienda
750 453 780 508 in
792 454 919 510 favorem
974 450 1073 510 berius
1089 450 1267 525 qqu'ustius
1283 454 1496 525 procedamus;
1515 466 1696 527 quanquam
1714 460 1741 512 ei
1752 457 1796 516 boc

96 542 301 599 ecclesiasticae
312 543 457 600 libertatis
468 543 606 599 duximus
619 542 921 613 admittendam,ccn·
972 541 1233 614 providerimusad
1252 542 1407 610 cantelam,
1423 559 1460 600 ne
1475 542 1505 598 in
1532 542 1717 600 barathrum
1740 546 1795 602 des-

96 632 232 689 cedentes
242 635 337 689 cidem
349 636 414 690 uisi
426 632 634 690 tortesenollet
647 633 732 706 regiae
743 630 920 689 sublimitati
970 628 1132 704 putationis
1147 631 1318 688 submersus
1335 631 1457 688 liberius
1472 636 1502 688 et
1517 630 1681 689 eliicscius
1691 634 1797 706 inprin-

97 721 292 792 cummittere,
304 738 356 794 per
369 727 585 794 procuratorem
602 722 743 778 idoneum
757 720 920 779 restitutio·
971 718 1046 792 cipio
1062 718 1251 793 malignetur,
1266 721 1350 794 quisi
1368 721 1455 778 luerit
1468 721 1500 777 in
1514 720 1621 794 primo
1638 728 1746 779 conatu
1757 726 1798 781 dc·

98 825 165 866 nem
185 810 330 883 acciperet
348 811 540 883 corporalem,
558 817 587 868 et
611 811 674 884 ipse
689 811 849 869 interimia
861 826 918 882 quc
970 807 1065 878 lusus,
1086 809 1167 868 velut
1183 810 1290 882 anguis
1305 810 1421 867 conciso
1437 809 1535 883 capite
1551 826 1618 866 sua
1636 809 1795 885 malignita-

98 900 197 955 mailet
217 900 280 956 locu
300 905 431 956 maneret
444 901 497 957 tibi
510 901 614 957 merito
626 918 684 957 nou
705 905 852 974 suspecto.
865 897 919 966 Qui
970 897 1008 954 tis
1024 896 1104 954 drus
1120 898 1233 955 uterius
1256 899 1405 955 effundere
1422 897 1624 955 convalebit.
1641 899 1795 965 Quadrima

96 1005 164 1045 cum
186 990 388 1062 respondisset
402 1006 433 1046 se
452 990 525 1047 velle
540 1007 592 1061 per
613 995 830 1064 procuratorem
856 987 919 1044 ido·
971 987 1097 1059 regalem
1131 987 1381 1059 magnificentiam
1412 1005 1574 1045 monemus
1605 989 1749 1046 attentius
1773 997 1795 1046 et

94 1094 183 1135 neum
199 1079 398 1137 restitutionis
412 1081 588 1137 beneficium
604 1080 746 1147 obtinere,
759 1096 793 1136 ac
804 1081 839 1134 dc
854 1079 917 1134 loco
971 1076 1146 1150 propensius
1157 1077 1347 1135 exhortamur
1357 1082 1503 1150 quatenus
1518 1077 1632 1133 divinae
1647 1085 1793 1151 congreto·

93 1166 123 1223 iu
136 1184 194 1239 quo
206 1184 364 1226 mansurus
375 1174 453 1226 esset
464 1170 582 1226 interim
594 1169 817 1227 deliberatorias
828 1167 917 1223 iudu-
968 1165 1057 1222 lando
1068 1166 1202 1238 justitie,
1218 1183 1283 1239 qua
1309 1170 1337 1223 ta
1362 1168 1491 1241 quodam
1508 1167 1604 1224 modo
1622 1167 1795 1240 justificasse

92 1257 150 1315 cias
163 1259 333 1333 accepisset,
347 1260 479 1330 ingratus
500 1260 619 1317 demum
636 1262 736 1333 gratia
750 1258 806 1316 sibi
822 1260 915 1329 iacta,
968 1254 1084 1312 videtur
1099 1256 1135 1312 ab
1151 1255 1200 1312 ilic
1216 1273 1250 1313 ea
1265 1274 1329 1328 qua
1347 1257 1489 1313 hacteuus
1505 1259 1590 1314 iacta
1606 1262 1683 1314 sunt
1710 1259 1795 1314 debita

93 1347 334 1405 iraudulentcret
351 1350 563 1405 contumaciter
582 1367 599 1405 a
618 1348 702 1406 nobis
721 1347 915 1405 illicentiatus
969 1360 1151 1417 prosequens
1176 1346 1367 1417 gratitudine,
1394 1346 1437 1402 sic
1461 1346 1640 1403 futurorum
1668 1351 1793 1403 eventum

91 1435 375 1509 aufugitbndenos
386 1454 421 1493 sa
432 1441 514 1510 parte
525 1438 736 1510 omnipotentis
754 1438 801 1494 Dei
822 1436 915 1493 Petris
967 1432 1130 1507 longanimi
1145 1434 1286 1506 patientia
1302 1434 1480 1507 prestolaris
1494 1438 1528 1491 ut
1544 1439 1651 1491 tamen
1669 1436 1794 1507 prudenti

91 1532 119 1585 et
131 1526 467 1600 Filiietspirltusssncti
482 1529 656 1585 auctoritate
677 1544 795 1601 quoque
815 1528 913 1583 beato·
967 1521 1121 1579 conamine
1135 1521 1292 1594 diligenter
1310 1538 1431 1579 occuras
1456 1523 1637 1580 iucursibus
1664 1524 1794 1597 maligno

89 1634 156 1673 rum
168 1615 369 1688 apostolorum
388 1616 464 1672 Petri
482 1621 511 1672 ot
527 1617 610 1673 Pauli
621 1634 654 1674 ac
668 1622 779 1686 nostra,
797 1632 913 1673 excom·
966 1628 1049 1681 rum3
1062 1610 1175 1683 nequid
1187 1612 1305 1668 deliciet
1316 1614 1350 1667 ad
1361 1612 1515 1678 cautelam,
1528 1613 1654 1685 regium
1668 1614 1795 1669 uobisiu·

91 1704 279 1761 municamus
290 1710 318 1761 ct
331 1704 616 1763 anathematizamus
626 1707 774 1779 eumdem,
787 1705 914 1779 postula·
928 1739 952 1805 B
966 1701 1052 1756 terim
1062 1700 1279 1773 beneplacitum
1291 1700 1500 1773 rescripturus,
1512 1704 1546 1756 ut
1558 1718 1596 1757 ec
1608 1702 1734 1758 demum
1746 1703 1794 1775 ple·

89 1792 200 1850 tionem
213 1795 248 1851 de
258 1795 322 1865 ipso
338 1795 516 1866 lectamque
527 1796 647 1852 omnino
658 1794 787 1852 reddidit
798 1810 829 1852 se
839 1795 914 1851 indi·
969 1789 1037 1847 nius
1046 1790 1204 1860 intellecto,
1217 1790 1294 1846 sicut
1312 1791 1528 1863 procedendum
1551 1792 1647 1848 luerit
1661 1792 1793 1865 precede·

91 1898 195 1956 gnum,
206 1882 325 1955 penitus
336 1880 536 1956 reprobantes.
549 1886 642 1950 Quam
657 1886 786 1957 proiecto
800 1886 915 1940 senteu-

91 1971 162 2027 tiam
175 1988 227 2044 per
245 1970 437 2044 quamplures
457 1972 693 2046 archiepiscopos
706 1978 733 2030 et
748 1973 912 2047 episcopos,

91 2064 180 2135 prout
190 2065 250 2116 tam
262 2078 315 2118 nos
327 2078 414 2133 quam
423 2061 501 2119 idem
511 2060 633 2119 nuntius
647 2069 715 2119 tuus
728 2062 915 2136 expedireco·

92 2149 204 2223 gnovit,
220 2149 426 2207 mandarimus
442 2151 612 2208 solemniter
627 2153 783 2224 publicari.
804 2151 913 2208 Princi-

90 2254 157 2311 pem
174 2240 212 2311 (c)
229 2256 344 2311 quoque
355 2241 390 2295 de
406 2240 491 2312 cujus
504 2241 598 2297 lavore
611 2242 733 2297 lorsitan
745 2242 821 2299 idem
833 2241 913 2297 Wal-

88 2328 228 2383 demarus
258 2329 368 2385 irustra
396 2330 518 2385 conlidit
544 2331 718 2388 auctoritate
748 2331 912 2388 litterarum

86 2421 256 2472 nostrarum
273 2415 384 2473 moneri
401 2419 525 2475 lecimus
540 2424 569 2476 ct
583 2418 682 2476 induci
700 2424 735 2476 ut
749 2420 773 2477 ei
798 2420 912 2478 nullum

86 2503 353 2577 prastetauxiiium
365 2505 409 2562 vel
422 2506 563 2576 levorem,
582 2511 631 2566 sed
653 2507 753 2582 ipsum
772 2515 914 2583 tanquam

88 2592 378 2651 excommunicatum
394 2594 492 2665 evitet,
510 2614 605 2669 neque
616 2599 774 2671 peripsum
792 2603 914 2673 autpro·

87 2686 154 2755 pter
179 2681 278 2754 ipsum
299 2684 450 2755 permittat
464 2684 493 2741 in
510 2684 639 2745 Ecclesia
664 2688 715 2745 Dei
739 2688 913 2746 scandalum

89 2770 228 2838 suboriri,
246 2784 297 2843 per
312 2772 390 2844 quod
402 2773 490 2828 etiam
502 2779 604 2832 contra
620 2793 650 2832 se
666 2781 765 2849 posset
777 2795 836 2835 ucn
852 2779 913 2835 leue

87 2858 259 2915 scandalum
280 2861 423 2932 generari,
439 2878 507 2918 cum
529 2880 583 2920 nos
607 2869 695 2922 tante
719 2866 913 2940 malignitatis

15 3022 18 3027 Ι
87 2946 238 3004 audaciam
255 2947 286 3005 iu
301 2949 402 3007 eodem
415 2951 692 3028 nolimusepiscopo
706 2957 761 3012 sub
773 2956 914 3014 dissimu-

86 3035 340 3094 lationetrsnsire.
356 3038 507 3097 bremensi
522 3058 589 3098 uero
598 3043 726 3115 capitulo
737 3045 871 3102 dedimus
880 3044 910 3100 in

85 3129 237 3202 preceptis
247 3134 280 3186 ut
295 3134 459 3189 conuocatis
471 3132 500 3189 in
512 3152 605 3191 unum
620 3136 669 3207 qui
686 3136 722 3193 ad
739 3136 910 3195 electionem

89 3215 198 3272 luerint
209 3218 378 3285 advocandi,
391 3225 457 3292 post
465 3222 727 3280 commonitionem
737 3225 911 3283 venerabilis

87 3303 186 3361 fratris
202 3307 294 3363 nostri
310 3310 552 3383 bladeburgensis
563 3312 775 3387 archiepiscopi
790 3314 833 3371 eis
851 3317 910 3371 lac·

88 3396 161 3464 tam,
177 3394 224 3450 cui
238 3412 326 3468 super
336 3396 390 3453 hoc
401 3398 558 3470 dirigimus
572 3401 682 3473 scripta
693 3407 805 3473 nostra,
818 3421 913 3475 perso·

88 3499 157 3539 uam
180 3483 315 3541 idoneam
340 3485 416 3542 inira
438 3505 569 3545 mensem
594 3491 757 3563 preiiciaut
780 3492 836 3550 sibi
861 3511 912 3567 per

85 3570 258 3629 electionem
283 3575 456 3632 canonicam
472 3576 501 3632 iu
517 3583 677 3650 pastorem.
701 3581 841 3655 Alioquin
862 3600 910 3639 ar-

86 3659 273 3733 chiepiscopo
285 3661 341 3735 ipsi
354 3665 560 3722 mandavimus
573 3673 606 3724 nt
621 3670 795 3727 auctoritate
810 3677 912 3728 nostra

86 3748 238 3815 suffultus,
253 3766 320 3805 cum
336 3752 459 3810 consilio
470 3754 676 3828 religiosorum
692 3764 721 3814 et
732 3760 911 3831 prudentum

84 3837 227 3908 virorum,
239 3838 330 3894 talem
346 3840 386 3896 eis
402 3848 507 3900 extunc
523 3844 552 3901 in
570 3846 737 3918 pontificem
754 3864 911 3921 porsonam

87 3925 219 3999 assignet
247 3943 311 3998 qua
336 3933 415 3986 tanto
442 3935 681 4006 congruetoneri
705 3940 734 3992 et
749 3937 867 4007 honori3
885 3938 910 3994 si

87 4015 138 4086 qui
154 4016 264 4084 forsan,
279 4017 356 4088 quod
375 4035 432 4075 non
455 4020 613 4090 credimus,
638 4025 673 4080 de
699 4025 776 4081 clerc
793 4042 843 4082 seu
861 4044 911 4098 po·

88 4103 157 4177 pulo
173 4107 416 4178 praesumpserint
431 4125 462 4166 se
478 4127 622 4183 opponere
638 4118 689 4169 aut
704 4112 782 4171 dicto
797 4116 912 4173 Walde·

86 4194 293 4265 maculavere,
323 4197 517 4255 temeritatem
547 4216 649 4258 eorum
679 4219 911 4276 percensuram

84 4282 910 4366 ecclesiasticamappellationepostpositaconpesceudo·

84 4371 228 4430 Praeterea
256 4379 344 4431 tantae
387 4378 525 4452 nequitia
570 4382 803 4454 magnitudinem
843 4384 910 4441 odio

969 1896 1045 1937 mus.
1068 1878 1127 1936 Nos
1148 1879 1335 1937 enimtamin
1348 1880 1384 1935 iis
1399 1896 1489 1952 qnam
1505 1879 1534 1935 in
1553 1879 1638 1949 aliis,
1657 1886 1792 1952 quantun

968 1984 1036 2024 cum
1064 1972 1124 2026 Deo
1148 1972 1177 2025 et
1201 1973 1300 2025 nostra
1316 1984 1476 2042 possumus
1494 1970 1672 2041 honestate,
1688 1986 1752 2041 qus
1765 1972 1793 2026 ad

968 2075 1069 2133 pacem
1083 2063 1164 2114 tuam
1180 2058 1352 2131 proveniant
1364 2062 1392 2115 et
1402 2057 1546 2114 honorem
1561 2060 1754 2116 intendimus
1762 2062 1794 2117 el·

967 2146 1096 2205 iicaciter
1112 2164 1291 2220 promovere.
1303 2148 1396 2220 Super
1411 2164 1468 2220 quc
1480 2149 1655 2220 jamdictus
1665 2151 1795 2223 praeposi·

968 2242 1016 2294 tus
1028 2242 1158 2293 nostram
1168 2236 1222 2293 tibi
1239 2237 1345 2294 reierre
1360 2236 1468 2294 valebit
1479 2238 1660 2310 expressius
1671 2242 1795 2295 voiunta-

968 2332 1038 2385 tem.
1055 2327 1109 2394 Qui
1126 2327 1273 2399 siquidem
1290 2327 1320 2382 in
1337 2327 1493 2399 prudentia
1504 2326 1557 2382 illa
1575 2329 1613 2385 de
1630 2328 1693 2385 ilde
1709 2334 1797 2385 nostra

968 2416 1021 2474 tibi
1035 2416 1141 2474 referre
1152 2416 1259 2489 poterit
1273 2432 1333 2490 qua
1343 2420 1395 2473 tua
1407 2416 1493 2473 nobis
1514 2418 1583 2490 ipse
1594 2420 1729 2490 portavit
1744 2435 1800 2490 pro·

968 2512 1033 2580 pter
1046 2508 1124 2580 quod
1141 2522 1199 2562 non
1215 2506 1362 2563 immerito
1385 2505 1485 2578 ipsum
1510 2506 1662 2563 duximus
1679 2512 1738 2564 ture
1753 2508 1800 2563 ccl-

968 2596 1092 2653 situdini
1103 2594 1383 2653 commendandum.

1003 2686 1111 2742 Datum
1125 2686 1269 2742 Laterani.

1356 2774 1405 2830 xi.

968 2881 1188 2922 encsrusrscorc
1211 2880 1381 2934 aunonensi,
1409 2881 1442 2919 ar
1466 2880 1633 2922 rrarsiassr
1659 2882 1797 2923 armera-

1253 2970 1337 3011 sarisa
1351 2969 1506 3011 erisccrrs.

968 3065 1006 3121 lic
1019 3062 1112 3119 debito
1127 3067 1175 3118 cut
1186 3078 1276 3118 usura
1288 3077 1341 3145 per
1356 3060 1499 3187 liopertum
1508 3063 1677 3134 exigantur
1688 3081 1706 3120 n
1717 3078 1799 3119 crau·

1315 3148 1444 3203 seponas.

1279 3242 1288 3311 i
1300 3239 1456 3296 Laterani.
1470 3240 1478 3311 i

1003 3350 1083 3407 luter
1097 3355 1202 3406 catera
1225 3366 1288 3422 quae
1311 3349 1467 3422 proficiant
1492 3347 1528 3403 ad
1553 3346 1742 3406 abolendam
1770 3350 1799 3404 de

966 3439 1126 3497 Provinciae
1140 3439 1274 3512 partibus
1288 3437 1456 3494 hereticam
1472 3437 1656 3510 pravitatem
1674 3439 1796 3496 relatum

968 3531 1014 3584 est
1041 3528 1126 3584 nobis
1156 3528 1211 3583 hoc
1239 3525 1406 3600 specialiter
1428 3523 1579 3597 expedire,
1602 3532 1640 3582 ut
1656 3528 1797 3584 debitores

969 3617 1018 3688 qui
1036 3615 1129 3673 alieno
1145 3634 1200 3672 are
1223 3620 1372 3686 tenentur,
1392 3632 1410 3671 a
1435 3614 1639 3672 creditoribus
1661 3616 1726 3673 suis
1740 3632 1797 3671 ces·

968 3707 1105 3763 cantibus
1121 3705 1242 3763 interim
1259 3708 1450 3776 expectentur
1474 3704 1577 3760 usuris
1600 3706 1739 3779 quandiu
1762 3704 1797 3760 ibi

968 3814 1021 3871 pro
1037 3794 1153 3869 negotio
1169 3794 1237 3850 fidei
1252 3793 1439 3864 laborabunt,
1455 3798 1484 3850 et
1499 3794 1619 3851 clericis
1636 3796 1797 3867 prceodem

968 3885 1134 3943 volentibus
1160 3883 1293 3940 laborare
1317 3883 1434 3956 negotio
1450 3882 1634 3940 concedatur
1650 3902 1724 3942 suos
1740 3886 1796 3941 red·

968 3975 1049 4031 ditus
1066 3991 1117 4047 per
1132 3974 1283 4030 biennium
1300 3972 1441 4046 obligare.
1462 3973 1606 4037 Quocirca
1623 3973 1798 4032 fraternitati

967 4068 1071 4120 vestroe
1081 4081 1132 4137 per
1148 4061 1310 4136 apostolica
1324 4063 1434 4135 scripta
1455 4062 1641 4120 mandamus
1657 4071 1800 4137 quatenus

969 4153 1142 4209 auctoritate
1152 4157 1252 4209 nostra
1267 4151 1382 4207 suffulti
1398 4168 1487 4223 super
1502 4150 1683 4222 hujusmodi
1699 4152 1801 4210 statuis

969 4247 998 4299 et
1007 4241 1120 4299 iacietis
1137 4240 1260 4297 firmiter
1275 4240 1426 4296 observari
1435 4240 1514 4313 quod
1526 4243 1702 4299 secuudum
1715 4243 1801 4300 Deum

968 4331 999 4388 in
1013 4336 1095 4387 tanta
1111 4330 1286 4387 necessitate
1297 4330 1437 4387 noveritis
1450 4328 1588 4386 Ecclesia
1606 4347 1674 4388 sum
1691 4330 1802 4405 negotio

969 4421 1116 4495 expedire.

88 4465 291 4535 persequendo
315 4466 453 4537 perlecto,
482 4469 629 4542 regiaque
649 4471 772 4528 volendo
796 4470 953 4546 pleniuin

88 4551 240 4621 providere
248 4554 350 4624 quieti,
362 4556 556 4627 cogitavimus
567 4559 642 4615 inira
659 4578 723 4630 nos,
735 4566 763 4617 et
776 4578 843 4618 cum
855 4564 913 4619 ira·

87 4639 184 4782 {mm
194 4646 305 4740 ,mmm
321 4643 605 4748 dmumtrffftatum
620 4647 780 4705 h⁸b¹¹¹m⁰⁸
793 4651 914 4753 dihgen]
971 4704 1096 4745 saumae
1113 4704 1243 4743 recusam
1266 4701 1598 4742 consuasrrnorocnano
1616 4702 1805 4746 iurauerunt.

102 4729 291 4796 em‚s1ioret
318 4732 353 4786 sd
384 4733 598 4805 depositionem
628 4738 759 4808 ejusdem
783 4754 914 4813 episcopi

88 4817 319 4888 procedendum.
336 4818 431 4893 Super
455 4840 513 4895 quo
536 4824 655 4880 taudem
677 4827 800 4884 consilio
816 4834 913 4886 matu·
1089 4796 1120 4853 Ut
1132 4809 1189 4850 '¹⁰²²
1204 4791 1339 4865 impediat
1355 4792 1446 4864 ἕψω
1458 4797 1535 4864 Ῑπω
1550 4793 1690 4851 ‘mmm

87 4903 164 4961 riore
192 4907 376 4978 providimus
404 4912 481 4982 quod
512 4910 607 4985 ipsius
622 4912 791 4974 calcaneum
814 4919 914 4976 obser·
1186 4899 1346 4968 (Laterani,
1358 4916 1386 4955 W
1400 4899 1444 4955 ld·
1461 4898 1580 4971 Misisti

86 4996 199 5062 ventes,
229 4996 326 5052 adhuc
353 4997 570 5070 aliquantulum
600 5003 818 5076 praestolemur;
841 5008 915 5065 utsi
1008 5006 1806 5079 cumacatholicisimperatoribusiucrltconstitutum

89 5083 165 5141 iorte
178 5084 331 5158 quidpiam
353 5092 454 5145 contra
468 5094 496 5146 tc
511 5091 555 5148 vel
571 5090 660 5149 etiam
677 5111 800 5168 regnum
816 5101 914 5167 tuum,
974 5102 1052 5160 sicut
1063 5097 1171 5171 legales
1181 5097 1304 5153 edocent
1325 5096 1505 5164 sanctiones,
1519 5100 1552 5151 ut
1566 5095 1699 5168 quilibet
1717 5098 1807 5156 cccic-

89 5171 150 5228 imo
162 5180 263 5231 contra
274 5192 338 5244 nos,
356 5180 514 5236 seuvorius
524 5187 625 5239 contra
640 5200 672 5240 se
683 5185 712 5240 in
724 5202 825 5242 eorum
843 5186 916 5243 alte·
974 5193 1028 5249 siis
1038 5194 1067 5246 et
1077 5188 1134 5261 piis
1145 5184 1217 5243 locis
1230 5184 1327 5257 legare
1342 5184 1630 5242 liberaveleatboua
1646 5202 1717 5254 sua,
1729 5204 1806 5246 sare·

89 5268 170 5317 rutro
185 5265 342 5321 tentaverIt
355 5267 528 5339 machinari,
542 5271 610 5328 licet
628 5278 752 5331 conatus
767 5275 860 5349 ipsius
876 5276 915 5334 di·
975 5282 1098 5337 nitatem
1110 5284 1190 5333 tuam
1203 5273 1491 5346 rogamusatteutius
1501 5276 1530 5329 et
1545 5288 1709 5333 monemus
1720 5281 1807 5333 etex·

88 5351 158 5407 vino
174 5353 310 5425 prasidio
323 5361 483 5432 nostreque
509 5360 708 5420 sollicitudine
729 5382 762 5421 ac
778 5372 829 5423 tuo
854 5372 919 5426 stu·
973 5364 1294 5427 hortamurinDomino
1306 5367 1454 5436 quatenus
1465 5363 1490 5420 ai
1502 5361 1730 5422 militcsuelalii
1743 5382 1807 5439 pos·

89 5440 137 5495 dio
154 5442 361 5502 resistentibus
390 5447 421 5503 in
446 5448 526 5506 nullo
555 5450 650 5508 valcat
677 5454 842 5524 praevalere,
867 5475 918 5531 per
974 5457 1122 5517 sessiones
1133 5450 1345 5509 suasecclesiis
1357 5451 1454 5524 legare
1465 5450 1622 5521 voluerint,
1634 5453 1810 5513 nullatenus

1006 4511 1111 4566 Datum
1129 4507 1275 4564 Laterani.

1350 4596 1415 4652 Xll.

89 5531 169 5601 quod
186 5530 288 5603 utique
304 5550 362 5590 non
388 5536 484 5592 solum
511 5538 567 5594 ists
591 5540 642 5596 sed
660 5543 764 5615 majori
786 5547 837 5601 sed
854 5550 918 5606 red·
975 5545 1134 5620 impedias,
1146 5541 1191 5599 vel
1204 5544 1231 5598 te
1242 5540 1343 5614 ipsum
1354 5540 1605 5617 cppcnaa,aedau
1616 5543 1731 5603 satum
1745 5560 1809 5605 aum

127 5656 166 5730 (6)
183 5659 214 5715 ld
230 5663 286 5728 est,
301 5660 471 5734 Philippum
485 5664 591 5723 ducem
605 5668 729 5738 Suesia,
745 5675 778 5728 ut
791 5676 873 5745 patet
886 5695 922 5739 ex
934 5679 1025 5755 epist.
1039 5675 1094 5733 215
1106 5671 1160 5729 lib.
1177 5670 1222 5727 iit.
