3780 6000
149 208 219 264 aare
619 205 828 261 ruuocnucn
846 205 885 257 ιιι
904 202 959 259 ua.
977 203 1225 263 nnomnoauu
1243 209 1311 264 ars.
1332 210 1381 265 ιιι.
1454 162 1460 183 ”
1807 208 1860 264 reu

150 338 210 389 stro
226 331 446 403 archiepiscopo
456 328 611 399 lennensi,
621 333 693 385 tunc
709 325 845 383 Bobiensi
860 324 973 398 epieco·
988 328 1015 395 Α
1030 342 1095 398 ques
1110 328 1145 384 ed
1160 346 1281 387 causam
1295 331 1389 389 lacere
1403 332 1639 390 videbantur-ad
1654 337 1794 391 nestrum
1804 350 1857 407 pre

32 460 40 469 .
150 439 200 494 po,
216 422 352 477 dedimus
366 421 397 477 in
410 419 621 490 mandatis180)
635 422 666 473 ut
681 417 706 473 si
722 417 843 472 baberet
856 413 975 486 aliquod
1031 417 1156 474 sentiam
1173 420 1414 478 transmiserunt.
1427 422 1568 496 Cumque
1580 428 1713 497 propter
1728 422 1783 479 boc
1796 440 1857 481 eser

148 511 369 567 munimentum
393 526 445 582 per
469 509 547 581 quod
572 509 684 564 dictum
710 504 924 563 monasterium
940 520 976 558 ex
1030 508 1108 579 apud
1124 510 1221 566 sedem
1233 511 1424 583 apostolicam
1436 514 1643 584 constitutus,
1655 530 1693 570 ec
1710 512 1855 587 postulares

149 601 339 657 concessione
358 599 436 656 sedis
460 597 624 671 apostolice
645 613 699 653 sun
724 597 879 651 doceretur
892 594 973 665 epis·
1029 594 1176 654 instanter
1188 602 1515 671 precessnmdictorum
1527 604 1853 676 Cremonensisepiseo·

149 691 233 762 copie
248 693 339 747 tuisse
353 691 532 761 subjeetum,
542 687 615 744 illud
629 689 665 744 ad
682 693 794 743 eertum
811 684 972 742 terminum
1028 687 1057 758 pi
1073 691 1102 742 et
1116 686 1245 761 college.
1260 695 1360 762 utpute
1374 690 1425 749 lite
1439 693 1570 751 minime
1583 697 1759 751 contestata
1771 699 1853 767 etpost

147 780 231 837 nobis
247 798 299 853 per
313 780 463 854 proprium
475 780 613 836 nuntium
626 778 741 833 mittere
756 792 815 833 non
831 773 970 830 dillerret·
1027 773 1252 847 appellationem
1268 779 1305 836 nd
1322 796 1376 837 nos
1392 779 1524 854 legitime
1541 782 1763 855 interpositam
1776 788 1852 841 atten-

148 872 187 924 Ac
203 886 270 925 cum
295 876 414 943 propter
428 869 483 926 boc
496 870 559 941 ipse
575 869 611 924 ad
628 871 758 923 nostram
784 862 969 938 presentiam
1026 868 1119 922 tatum
1136 867 1249 924 censeri
1265 885 1386 940 prorsus
1401 870 1519 927 irritum
1537 875 1569 928 et
1583 873 1728 944 inanem,
1739 875 1851 930 nosutri·

148 958 340 1030 personaliter
355 959 541 1024 accessisset,
556 974 655 1014 ceram
677 955 762 1012 nobis
781 959 811 1010 et
830 953 970 1009 iratribus
1025 969 1117 1025 usque
1132 957 1226 1029 pertis
1248 974 1366 1029 parcere
1386 960 1516 1016 volentes
1533 960 1705 1018 laboribus
1720 969 1749 1019 et
1761 980 1848 1035 expcn-

146 1049 256 1104 nostris
267 1065 336 1105 suas
347 1047 461 1104 curavit
471 1062 633 1120 proponere
644 1046 780 1110 rationes,
792 1047 821 1099 st
831 1058 969 1114 quecun·
1025 1039 1077 1111 eis,
1089 1045 1118 1097 at
1130 1059 1165 1098 ne
1178 1042 1350 1114 hujusmodi
1361 1046 1484 1117 questio
1499 1049 1531 1103 in
1544 1049 1695 1105 recidive
1710 1052 1848 1112 contentio·

146 1152 204 1208 qus
220 1153 310 1210 super
332 1138 397 1210 ipso
421 1137 534 1207 negotio
560 1135 687 1191 habebat
701 1133 855 1190 ostendere
871 1130 967 1187 muni·
1024 1127 1071 1183 uis
1085 1130 1257 1202 scrupulum
1273 1132 1431 1201 relabatur,
1443 1135 1747 1211 providacupientes
1757 1139 1847 1195 sullici-

145 1229 255 1282 meuta.
279 1227 339 1283 Nos
361 1227 450 1297 igitur
471 1226 654 1281 attendentes
674 1223 857 1279 devotionem
874 1219 968 1292 ipsius
1022 1216 1125 1275 tudine
1141 1235 1314 1294 precavere,
1329 1220 1436 1280 dilecta
1451 1224 1512 1282 illio
1528 1226 1564 1295 0,
1581 1226 1709 1301 acolyto
1724 1233 1753 1283 et
1770 1229 1846 1301 capet·

57 1338 60 1343 ·
144 1319 173 1369 et
198 1319 400 1387 paupertatem
429 1314 518 1371 etiam
548 1312 680 1370 lleelesie
709 1309 872 1379 Bobiensis,
902 1324 968 1380 que
1021 1302 1088 1362 luno
1104 1312 1204 1366 nostro
1226 1317 1415 1382 procuratore
1436 1314 1578 1371 Romane
1596 1315 1745 1374 ltlcclesie
1759 1319 1846 1375 coned-

143 1402 212 1459 licet
226 1405 269 1460 sic
284 1403 446 1476 pontificali
460 1402 581 1475 predita
593 1401 746 1472 dignitate,
757 1398 787 1453 in
803 1396 967 1454 redditibus
1022 1397 1096 1462 tuto,
1108 1412 1142 1452 ac
1152 1413 1250 1455 coram
1263 1400 1348 1457 nobis
1361 1406 1391 1458 et
1401 1402 1545 1461 iratribus
1558 1404 1682 1462 nostris
1693 1405 1745 1463 lite
1758 1408 1846 1464 solen·

144 1498 326 1549 lamanasse
350 1491 524 1565 proponitur
538 1491 652 1546 modica
674 1492 703 1543 et
725 1486 819 1556 exilis,
835 1504 852 1542 ιι
868 1501 965 1557 prosc·
1021 1484 1097 1541 niter
1121 1491 1296 1558 contestata,
1312 1496 1483 1563 procuretur
1504 1493 1571 1567 ipse
1585 1495 1751 1568 quoddam
1776 1500 1845 1570 privi-

144 1582 263 1637 cutione
283 1581 456 1653 questionis
470 1579 551 1636 illius
565 1594 651 1648 quam
667 1593 756 1648 super
771 1575 890 1647 prelato
906 1591 966 1631 mo·
1019 1571 1129 1645 legium
1145 1577 1201 1632 sub
1215 1577 1298 1635 bulla
1324 1579 1416 1637 salicis
1438 1582 1593 1640 memoriae
1619 1584 1760 1642 Formosi
1783 1604 1844 1659 papa

144 1671 273 1727 nusterio
297 1672 487 1726 movebamus
503 1673 573 1724 tune
588 1667 726 1723 clusimus
749 1664 1004 1763 desistendum,B
1022 1662 1158 1734 produxit
1177 1665 1206 1722 in
1223 1667 1365 1737 medium,
1382 1670 1460 1741 quod
1483 1676 1568 1728 tanta
1596 1672 1704 1730 suerat
1717 1682 1844 1732 vetustata

143 1760 228 1832 preci
234 1759 346 1832 pientes
360 1763 392 1814 ut
407 1759 484 1815 idem
508 1755 721 1813 monasterium
735 1755 820 1826 juata
835 1758 965 1810 tenorem
1020 1758 1227 1826 consumptum
1241 1760 1272 1811 ut
1287 1756 1316 1811 in
1330 1773 1364 1814 eo
1377 1759 1413 1816 de
1428 1759 1615 1818 monasterio
1632 1762 1739 1820 Sancti
1749 1764 1845 1821 Colun-

143 1847 296 1904 sententie
312 1847 434 1919 Eugeuii
449 1862 531 1918 pape
548 1844 684 1901 exhibere
699 1844 755 1899 sibi
772 1843 964 1899 reverentiam
1018 1840 1087 1895 bani
1104 1858 1156 1899 nec
1170 1844 1280 1900 mentio
1304 1846 1386 1902 lieret
1402 1863 1454 1903 nec
1470 1848 1559 1905 etiam
1578 1852 1748 1925 vestigium
1771 1871 1845 1926 appr·

141 1936 373 1993 ctobedientiam
386 1940 568 2009 procuraret;
582 1934 621 1990 ita
632 1932 858 2005 tameuquudea
868 1931 964 2004 gratia
1018 1934 1094 1986 reret
1111 1949 1118 1987 :
1135 1948 1168 1988 ac
1184 1948 1250 1989 cuni
1275 1950 1327 2006 per
1349 1934 1421 1991 illud
1439 1953 1523 1993 suam
1539 1938 1636 1996 vellet
1662 1941 1844 1999 intentionem

141 2026 198 2080 sibi
221 2026 298 2081 facta
311 2042 327 2081 a
338 2025 539 2096 prosecutione
551 2022 723 2095 questionis
739 2020 897 2094 premisse
912 2018 963 2076 illo
1017 2019 1151 2089 sundere,
1165 2039 1231 2077 eum
1253 2023 1477 2082 fundamentum
1495 2024 1567 2083 illud
1588 2031 1720 2102 penitus
1746 2032 1844 2089 nullan

138 2119 271 2186 tempore
285 2114 464 2183 desistendo,
475 2112 590 2168 nullum
604 2116 703 2184 posset
718 2109 781 2166 sedi
797 2107 962 2181 apostolice
1017 2113 1106 2179 esset,
1120 2113 1214 2165 totum
1231 2112 1309 2182 quud
1326 2114 1595 2184 superaedificatum
1622 2117 1727 2176 iuerat
1743 2122 1843 2177 irritun

138 2203 343 2275 prejudicium
354 2203 487 2274 generari
499 2219 556 2273 quo
568 2202 678 2269 minus,
690 2216 757 2255 eum
771 2198 866 2265 vellat,
877 2213 961 2255 suam
1017 2198 1152 2269 apparuit
1166 2203 1195 2255 et
1208 2200 1304 2257 inane.
1317 2200 1398 2259 Unde
1415 2220 1467 2260 nos
1479 2205 1646 2279 utriusque
1659 2211 1759 2282 partis
1774 2213 1844 2269 ratio·

138 2297 238 2364 posset
248 2293 387 2365 prosequi
401 2293 553 2348 rationem.
564 2290 740 2347 Procedente
750 2304 816 2344 vero
830 2292 961 2359 tempore
1016 2285 1103 2343 uibus
1118 2291 1147 2343 et
1160 2286 1387 2361 allegationibus
1409 2292 1525 2365 plenius
1541 2295 1725 2367 intellectis,
1743 2301 1844 2374 privile·

138 2381 168 2437 (l.
184 2386 214 2437 et
229 2381 260 2436 lt.
273 2380 409 2438 monachi
420 2381 552 2451 ejusdem
564 2378 687 2435 cenobii
699 2378 735 2434 ad
747 2382 879 2433 nostram
892 2392 960 2446 pre·
1014 2374 1069 2444 giis
1084 2375 1173 2431 etiem
1189 2382 1217 2433 et
1231 2379 1387 2435 sententiis
1404 2382 1661 2453 predecessorum
1682 2398 1842 2447 nostrerum

19 2526 24 2533 ,
138 2470 262 2526 sentiam
292 2471 474 2539 accedentes,
501 2469 586 2526 nubis
614 2485 648 2524 ex
677 2472 758 2540 parte
786 2464 902 2522 abbatis
932 2468 961 2520 et
1015 2462 1566 2537 diligenterinspectis,cummunieato
1589 2474 1843 2536 lrntrurnnnstru·

136 2566 296 2615 conventus
322 2558 471 2614 humiliter
485 2558 690 2630 supplicarunt
714 2560 747 2613 ut
770 2572 837 2611 cum
862 2553 959 2610 dietus
1014 2568 1081 2607 rum
1098 2552 1272 2620 consiliata
1287 2561 1316 2612 et
1330 2558 1489 2615 llcclesiam
1506 2560 1695 2623 Bubiensem
1712 2569 1751 2624 ab
1766 2569 1843 2642 impe

134 2649 303 2720 episcopua,
315 2647 361 2704 cui
378 2647 499 2718 gratiam
515 2646 595 2703 illem
610 2644 803 2718 personaliter
818 2642 958 2699 duximus
1013 2640 1116 2699 titione
1126 2644 1467 2717 procuratorisjamdicti
1480 2652 1843 2715 sententialiterduximue

138 2737 314 2804 laciendum,
329 2742 407 2794 esset
421 2739 457 2793 ad
473 2735 632 2792 Ecclesiam
643 2735 823 2791 leonensem
835 2730 958 2788 transla·
1013 2730 1236 2800 absolvendum,
1251 2750 1285 2789 ac
1299 2726 1476 2792 sententiani
1488 2738 1618 2811 Eugenii
1634 2759 1725 2817 papae
1739 2765 1790 2819 pro
1800 2748 1842 2804 30.

135 2830 195 2892 tus.
211 2831 239 2882 et
254 2831 286 2882 tu
306 2843 356 2884 eos
380 2825 584 2898 multipliciter
607 2838 793 2897 aggravares,
803 2824 854 2894 jus
878 2820 958 2877 aedis
1012 2819 1108 2876 bienni
1120 2820 1249 2878 Ecclesia
1263 2829 1365 2881 contre
1376 2825 1474 2897 ipsum
1486 2832 1715 2891 monasterium
1730 2836 1844 2909 promul·

38 2952 44 2959 -
136 2914 599 2988 apostolicesuperipsonegotio
610 2910 957 2986 prosequidigneremur,
1012 2917 1110 2979 getam
1125 2911 1298 2967 auctoritate
1319 2913 1478 2983 apostoliea
1500 2917 1739 2993 confirmantes,
1757 2928 1842 2997 preci·

135 3020 202 3059 cnm
227 3004 373 3060 sententia
397 3003 549 3075 prelibata
569 3004 602 3071 in
628 3001 708 3058 nullo
733 2999 867 3057 debuerit
894 2997 958 3055 sedi
1011 2997 1110 3069 pimus
1124 3003 1153 3053 et
1167 3000 1318 3056 sancimus
1334 3007 1367 3057 ut
1386 3005 1506 3061 abbates
1522 3012 1551 3062 et
1567 3011 1719 3069 monachi
1737 3016 1787 3087 qui
1801 3033 1841 3088 pro

134 3091 301 3164 apostolice
317 3093 517 3166 prejudicium
543 3108 696 3165 generare
714 3088 871 3162 presertim
888 3071 990 3144 cumC
1009 3089 1140 3157 tempore
1154 3086 1184 3142 in
1199 3087 1264 3160 ipso
1281 3093 1459 3149 monasterio
1472 3094 1595 3168 tuerint,
1612 3098 1673 3155 tibi
1691 3119 1728 3159 ac
1739 3121 1840 3160 succes·

135 3198 201 3238 euru
217 3182 269 3254 qui
295 3182 491 3256 promulgavit
506 3182 639 3238 eamdem
655 3198 690 3237 ex
711 3178 800 3236 officii
815 3177 914 3233 debito
929 3178 958 3232 et
1011 3174 1128 3231 senibus
1143 3175 1203 3232 tuis
1219 3178 1382 3236 diecesana
1392 3180 1453 3237 sint
1466 3180 1529 3256 lege
1542 3186 1692 3258 subjecti,
1704 3198 1736 3248 et
1748 3199 1804 3250 tam
1817 3194 1839 3249 in

127 3269 206 3340 juria
223 3270 397 3327 necessitate
411 3287 501 3342 super
515 3270 678 3342 questions
693 3269 728 3325 de
742 3284 802 3339 qua
814 3281 954 3339 cognove·
1011 3263 1217 3335 spiritualibus
1228 3283 1317 3339 quam
1329 3271 1702 3340 temporalibusBobiensi
1714 3282 1840 3356 episcope

135 3364 180 3413 rut
193 3360 354 3431 oportuerit
361 3359 505 3429 judicare,
517 3376 569 3416 nec
580 3375 625 3415 res
636 3358 771 3429 judicata
784 3356 842 3412 illis
852 3356 956 3412 obesse
1011 3358 1150 3424 tanquam
1168 3355 1333 3414 dioecesano
1344 3375 1397 3415 suu
1413 3360 1536 3418 debeant
1553 3370 1758 3437 respondere.
1770 3380 1807 3428 nc
1816 3378 1839 3427 et

132 3453 247 3520 poterat
270 3449 347 3504 inter
368 3465 441 3520 quos
470 3465 528 3504 non
551 3448 664 3504 exstitit
688 3445 865 3519 Judicatum.
880 3448 954 3502 Cum
1010 3441 1838 3529 omnisimposterumauleraturmateriaJnrgioruni,sn·

16 3526 19 3531 ’
132 3536 225 3608 igitur
239 3539 325 3593 sedes
340 3535 501 3610 apostolica
516 3535 617 3592 habita
630 3535 779 3594 custodire
801 3540 831 3591 et
854 3534 954 3590 invasa
1009 3534 1228 3605 perquestione
1237 3535 1293 3592 ista
1304 3535 1424 3594 cuilibet
1434 3538 1487 3595 tibi
1496 3542 1652 3601 adversari
1664 3548 1776 3607 volenti
1786 3567 1836 3623 per

133 3641 306 3695 recuperare
334 3625 501 3698 specialiter
525 3632 669 3696 teneatur,
689 3623 847 3681 venerabili
872 3622 954 3679 tratri
1008 3626 1128 3691 petuam
1142 3622 1293 3681 silentium
1307 3625 1502 3699 imponentes,
1513 3633 1688 3695 statuimus
1703 3645 1736 3694 ut
1750 3640 1775 3697 si
1788 3656 1835 3711 qua

131 3718 231 3770 inostro
246 3714 384 3786 episeopo
394 3716 451 3786 (81)
463 3721 491 3771 et
503 3713 609 3772 dilecte
625 3715 685 3771 filio
702 3715 800 3770 abbati
813 3714 958 3786 (82).0m·
1008 3710 1145 3783 deinceps
1161 3719 1276 3784 reperta
1290 3715 1400 3771 luerint
1415 3715 1701 3793 instrumentaque
1717 3745 1770 3801 pro
1783 3745 1833 3785 mu·

130 3803 214 3858 nium
229 3803 403 3860 Sanctorum
418 3805 552 3861 cremon.
565 3804 702 3860 dedimus
713 3805 742 3859 in
758 3803 905 3859 mandatis
921 3808 953 3859 ut
1008 3799 1134 3855 naslerio
1149 3806 1178 3856 ct
1188 3807 1290 3859 contre
1306 3804 1477 3877 episcopum
1492 3806 1592 3866 lacere
1602 3812 1833 3885 videamuson·

128 3891 154 3946 ai
164 3896 313 3948 constaret
325 3893 436 3948 eisdem
448 3892 585 3964 teipsum
598 3891 809 3949 monasterium
823 3890 952 3949 indebite
1007 3887 1075 3945 nino
1091 3888 1203 3946 viribus
1219 3899 1348 3962 careant,
1363 3899 1391 3950 et
1401 3892 1518 3952 inutilia
1532 3906 1732 3972 reputentur.
1744 3906 1833 3964 Decer-

128 3996 297 4052 aggravare,
313 3980 439 4054 aliquem
460 3998 550 4054 super
564 3983 666 4038 eodem
683 3981 798 4055 negotio
814 3997 951 4054 procura·
1006 3977 1106 4034 nimus
1121 3995 1188 4049 ergo
1209 3986 1241 4037 ut
1261 3980 1370 4039 nulli...
1387 3983 1463 4042 banc
1477 3987 1622 4059 paginam
1642 4002 1758 4052 nostre
1772 3995 1833 4053 uiru-

128 4075 221 4126 torem
238 4070 377 4127 idoneum
398 4071 563 4144 apostolice
585 4071 646 4127 sedi
662 4074 833 4141 statuerent,
844 4076 872 4127 et
887 4087 951 4143 par·
1006 4066 1139 4136 nitionis,
1154 4070 1400 4143 confirmationis,
1412 4078 1442 4130 et
1456 4077 1690 4140 constitutionis
1706 4082 1832 4159 infringe

125 4160 206 4217 tibus
230 4160 443 4218 convocationi
461 4161 570 4218 auditis
596 4160 664 4216 bine
688 4159 757 4217 iude
780 4160 950 4232 prepositis,
1005 4173 1046 4212 re.
1061 4161 1117 4213 etc.
1132 4158 1161 4212 ei
1177 4161 1244 4231 quis
1260 4165 1369 4232 autem,
1384 4168 1439 4219 etc.

126 4266 221 4321 usque
247 4252 282 4306 ud
308 4250 470 4307 ditllnitive
486 4251 637 4308 sententie
651 4247 796 4305 caleulum
820 4247 949 4321 appella·
1039 4245 1147 4302 Datum
1165 4247 1311 4321 Laterani,
1329 4267 1357 4305 rx
1372 4250 1432 4308 llal
1448 4253 1556 4325 Martii,
1573 4273 1659 4317 anno
1676 4263 1800 4321 decimo.

124 4339 203 4396 tione
218 4342 382 4413 postposita
407 4342 607 4412 procedentes,
624 4355 744 4396 eausam
768 4338 950 4396 sullieieuter
1359 4340 1474 4400 CCXlll.

122 4427 300 4486 instructam
325 4432 360 4486 ad
386 4430 572 4503 presentiam
599 4434 730 4487 nostram
755 4428 989 4504 remitterent„
1101 4441 1203 4482 senaar
1223 4444 1257 4484 sr
1274 4443 1420 4487 nouacula
1440 4446 1539 4488 sanem
1559 4449 1750 4502 cananaeus.

123 4517 241 4587 praellae
256 4518 382 4575 terrarino
399 4520 534 4590 partibus
545 4518 721 4592 competenti
733 4534 831 4590 quoae
846 4521 946 4573 nostru
1288 4519 1326 4574 lle
1340 4519 1434 4576 ecdem
1449 4535 1543 4578 ceusu.

123 4608 292 4676 conspectui
303 4612 512 4677 presentarent
522 4607 945 4674 sententiamdantsbomino,
1209 4606 1369 4680 (Laterani,
1385 4626 1403 4665 x
1418 4607 1482 4666 llal.
1497 4610 1621 4687 Martii.)

122 4698 292 4762 recepturae.
309 4694 461 4751 Memorati
487 4713 555 4768 ergo
582 4696 739 4768 episcopus
767 4699 797 4751 et
824 4694 945 4766 collega,
1036 4697 1122 4752 Motae
1133 4694 1314 4767 jamdudum
1330 4697 1407 4756 inter
1422 4716 1472 4757 sos
1488 4707 1517 4757 st
1530 4701 1717 4765 Bobiensem
1732 4711 1834 4785 episeo

122 4781 200 4836 sicut
224 4798 275 4853 per
297 4799 367 4838 suas
383 4783 468 4839 nobis
487 4783 600 4840 litteras
615 4784 672 4856 (83)
687 4784 863 4839 intimarunt
885 4782 945 4839 evi·
1000 4802 1071 4857 pum
1093 4787 1267 4860 scrupulum
1283 4789 1456 4861 questionis
1481 4790 1581 4849 taliter
1595 4799 1761 4870 cupientes
1775 4802 1833 4861 diri.

122 4870 241 4928 dentius
255 4878 465 4944 cognoscentes
476 4873 587 4929 dictum
601 4891 618 4928 ιι
632 4878 659 4929 te
674 4875 841 4930 coenobium
857 4888 945 4945 super
999 4892 1078 4932 mere
1094 4893 1130 4933 nc
1145 4877 1285 4934 alterutra
1299 4880 1429 4950 partium
1442 4881 1528 4939 illum
1538 4883 1637 4942 valeat
1650 4889 1784 4950 ulterius
1794 4911 1833 4951 su-

122 4960 226 5018 multis
244 4961 373 5018 indebite
399 4962 562 5035 aggravari,
573 4977 640 5017 cum
666 4961 696 5017 in
719 4963 834 5036 negotio
858 4963 945 5034 juxta
999 4966 1115 5035 saltare,
1128 4966 1235 5026 dilecto
1250 4968 1311 5026 filio
1325 4975 1357 5028 0.
1371 4971 1505 5044 acolytho
1516 4977 1545 5030 et
1559 4978 1724 5049 capellano
1739 4990 1831 5043 ncatrc

121 5052 253 5108 mandati
279 5053 371 5109 nostri
392 5056 524 5108 tenorem
538 5051 645 5108 vellent
666 5053 833 5124 procedere,
848 5059 891 5125 tu,
908 5069 944 5109 ne
998 5063 1188 5130 procuratore
1200 5058 1337 5115 Romane
1352 5059 1485 5118 Ecclesie
1497 5066 1677 5140 constituto,
1687 5088 1725 5128 ac
1739 5088 1830 5131 corani

120 5143 319 5211 procederent,
328 5143 429 5198 sedem
441 5141 632 5214 apostolicam
644 5140 873 5214 appellasti.Sed
886 5142 943 5216 ipsi
998 5145 1084 5202 nobis
1094 5151 1123 5201 et
1135 5145 1277 5204 iratribus
1289 5149 1400 5206 nostris
1411 5151 1489 5208 inter
1498 5163 1728 5225 procuratorem
1740 5164 1829 5238 ipsun
1882 5212 1884 5219 .

120 5230 316 5300 appellatione
344 5236 512 5305 contempta
541 5233 571 5287 in
596 5230 711 5303 negotio
740 5234 942 5304 procedentes,
998 5237 1027 5290 et
1041 5234 1237 5291 venerabilem
1249 5237 1369 5295 fratrem
1381 5244 1517 5297 nostrum
1528 5241 1713 5307 bobiensem
1726 5253 1831 5327 apisce-
1881 5234 1884 5281 ἶ

118 5320 276 5389 quemdam
287 5337 445 5378 monacum
455 5338 522 5378 curn
533 5320 695 5395 privilegiis
707 5328 736 5378 et
746 5321 866 5395 seriptis
876 5322 943 5380 aliis
997 5340 1069 5397 puni
1080 5323 1132 5381 lite
1142 5323 1317 5384 selemniter
1328 5333 1501 5399 contestata,
1515 5335 1545 5388 et
1560 5333 1730 5411 utriusque
1745 5342 1829 5415 μιιιι
1872 5306 1884 5445 ἑ

163 5463 209 5606 8οζ
223 5462 295 5519 Vide
310 5463 362 5520 lib.
379 5481 412 5533 ιι,
429 5465 515 5538 epist.
530 5466 594 5521 224.
1031 5468 1077 5538 (82
1102 5466 1219 5524 loanni.
1872 5496 1884 5533 ,ι

222 5535 351 5592 Sicardo.
1032 5540 1078 5615 (83
1104 5539 1228 5598 Exstant
1242 5545 1265 5599 t.
1282 5545 1321 5600 lV
1333 5543 1399 5602 lent.
1416 5561 1484 5617 sce,
1499 5562 1563 5621 pag.
1581 5548 1648 5609 120.

150 5462 195 5607 ln
