3780 6000
56 249 114 305 lid
567 249 822 306 constitututis
840 250 937 306 tutto
957 249 1015 317 tlt,
1034 251 1173 308 CHRISTI
1192 256 1272 311 leot.
1716 257 1771 314 itt
1852 328 1855 333 Ι

363 373 486 431 cxliiii
500 374 587 446 (356).
900 378 930 442 Α
944 374 986 430 ire
1000 375 1171 444 solantibus,
1185 381 1348 448 perterram
1361 384 1440 435 tuem
1451 394 1582 437 securum
1594 379 1766 439 conductum

59 480 95 519 ι.
124 478 218 521 'rtrum
250 480 359 521 seuere
390 480 487 521 cancre
518 479 694 520 caesareano
726 479 889 534 renormat,
942 469 970 518 et
985 462 1106 520 iibemm
1123 467 1273 522 transitum
1288 467 1467 534 concessisti,
1482 468 1630 524 dimittens
1656 469 1766 524 exerci-

274 568 448 610 srosronrcn
466 570 543 609 senis
560 568 674 609 ascaro.
942 557 1002 607 tum
1016 552 1050 607 ed
1066 568 1163 623 preces
1192 553 1275 624 legati
1303 556 1403 626 nostri,
1433 570 1517 626 quem
1545 570 1766 627 congregaveras

215 642 366 715 Respondet
381 643 501 714 canetis
514 643 589 710 repis
601 642 739 711 uocans.
941 650 1040 699 contra
1055 643 1161 716 ipsum,
1176 645 1340 717 sumptibus
1355 647 1458 703 irustre
1472 646 1665 718 consumptis,
1680 662 1765 718 super

178 732 273 802 (Apud
289 731 319 787 S.
332 731 459 802 Petrum,
473 747 531 789 ιιιι
548 732 608 789 tat.
623 728 779 803 tlotopris.t
941 731 1045 802 quibus
1059 734 1206 791 serenitati
1220 743 1274 791 tuae
1294 736 1423 807 copiosas
1437 736 1593 807 gratiarum
1616 735 1766 792 referimus

94 818 139 875 Ad
157 819 270 877 litteras
283 835 353 892 quas
368 820 453 877 nobis
475 820 666 877 obesissimus
680 821 711 877 in
726 820 837 877 Gbristo
853 821 888 877 e.
941 819 1077 876 actiones.
1094 822 1172 888 Quod
1187 828 1282 880 eutem
1298 822 1449 896 scripsisti,
1466 825 1602 896 quoniam
1614 824 1767 895 predictus

59 906 119 965 iius
134 913 281 966 costen...
298 925 346 966 ron
360 910 502 981 Ungarie,
517 909 680 976 destinarit,
706 909 889 967 rescribimus
938 906 1102 964 meantum
1125 917 1240 981 terram,
1267 927 1352 984 quam
1365 919 1444 984 peter
1459 918 1575 969 tuus...
1592 912 1683 969 sorori
1699 919 1764 983 tna,

57 999 89 1055 in
106 998 190 1055 bunc
206 1000 333 1055 modum.
939 996 1117 1069 imperatrici
1131 1003 1306 1072 (trecorum,
1323 1002 1401 1059 dedit
1417 1003 1448 1059 in
1462 1004 1568 1074 dotem,
1584 1003 1692 1060 detinet
1712 1018 1763 1060 oc·

94 1087 205 1158 [Regio
215 1087 740 1160 celsituiiinlsilttcres,quesaobisper
752 1088 887 1146 dilectum
940 1095 1083 1158 cupatam,
1098 1097 1125 1146 et
1140 1094 1245 1147 terram
1256 1091 1369 1162 sarvie
1386 1096 1443 1148 tuae
1457 1107 1569 1149 corone
1590 1092 1762 1164 subjectam,

59 1176 169 1245 blium,
185 1176 314 1234 nobitem
328 1177 435 1247 virum,
451 1178 482 1233 li.
498 1176 630 1247 militem,
653 1178 811 1246 destinasti,
838 1178 887 1234 be·
939 1177 1073 1247 adjuncta
1087 1178 1142 1235 sibi
1157 1195 1331 1251 paganorum
1345 1179 1530 1238 multitudine
1554 1181 1680 1251 copiose,
1696 1195 1762 1238 cru·

58 1266 149 1338 aigne
164 1267 338 1338 recepimus,
353 1275 380 1324 et
396 1285 460 1339 quae
477 1267 647 1338 significasti
664 1284 715 1340 per
728 1284 786 1335 eas,
801 1272 888 1325 nota·
939 1265 1040 1323 delitor
1051 1268 1215 1339 devestivit,
1228 1271 1266 1326 ita
1281 1271 1353 1341 quod
1369 1278 1471 1341 prater
1486 1286 1544 1336 eos,
1561 1270 1609 1341 qui
1634 1285 1683 1340 per
1697 1272 1761 1341 ejus

57 1356 531 1428 eimusdlligenter.tldprimum
555 1373 623 1428 ergo
647 1358 815 1429 capitulum,
840 1373 886 1415 re·
938 1357 1122 1428 tyrannidem
1138 1368 1204 1415 sunt
1226 1358 1378 1432 perempti,
1408 1375 1465 1415 non
1496 1358 1577 1430 pauci
1606 1357 1761 1415 Christiani

59 1447 241 1518 spondemus
256 1448 330 1518 qaod
346 1447 443 1518 utique
459 1447 511 1518 pias
534 1448 738 1506 recordationis
751 1449 887 1520 progeni-
938 1453 1005 1501 sunt
1019 1445 1050 1502 in
1064 1463 1238 1518 paganorum
1248 1447 1439 1519 captivitatem
1450 1447 1574 1517 deducti,
1586 1463 1618 1504 eo
1630 1446 1762 1505 videlicet

59 1542 137 1591 tores
157 1536 213 1602 tul,
241 1551 275 1592 es
305 1552 360 1608 quo
383 1550 502 1607 reguum
533 1537 658 1608 [ingeris
684 1540 713 1594 et
740 1538 887 1596 catholicas
939 1538 1076 1605 tempore,
1094 1550 1150 1608 quo
1165 1535 1298 1607 precibus
1319 1536 1429 1593 nostris
1446 1536 1591 1602 inductus,
1617 1551 1682 1607 rago
1706 1536 1760 1593 Bo·

60 1622 128 1680 tidei
155 1625 306 1692 unitatem,
330 1641 379 1696 per
402 1625 475 1682 beati
500 1625 648 1696 Stephani,
664 1627 748 1696 regis,
763 1627 887 1697 diligen·
939 1620 1040 1680 lente
1055 1642 1071 1680 a
1087 1625 1211 1697 Philippi
1226 1625 1369 1683 consortio
1383 1633 1524 1697 separato,
1541 1632 1567 1682 et
1592 1626 1650 1696 regi
1666 1624 1762 1682 Ottoui

60 1712 140 1779 tiam,
176 1713 274 1771 diviua
306 1714 395 1784 gretia
427 1715 616 1787 precedente,
647 1717 785 1786 persenit,
817 1732 884 1774 com
900 1714 1105 1809 Boooiuncto,
1121 1730 1186 1772 cnm
1201 1715 1274 1787 ipso,
1292 1731 1341 1786 pro
1352 1716 1416 1786 isto,
1428 1714 1553 1771 relidam
1567 1722 1666 1771 contre
1679 1713 1761 1771 ilium

58 1803 886 1875 muitadevotionesedemsuntapostolioemseneretl‚et
940 1802 1097 1860 exercitum
1132 1804 1291 1875 destinasti,
1327 1804 1486 1861 certissime
1525 1805 1646 1875 noveris,
1676 1802 1761 1861 nobis

59 1908 164 1951 omnes
179 1893 227 1964 qai
240 1909 274 1950 ex
290 1895 353 1965 eius
368 1894 505 1966 progenie
528 1895 752 1961 descenderunt,
768 1897 840 1953 sicut
855 1897 886 1954 in
938 1906 1002 1947 ⁸⁵⁵0
1027 1891 1109 1947 luidb
1135 1891 1297 1960 millesimi,
1323 1893 1460 1966 quidquid
1486 1893 1515 1950 in
1531 1900 1608 1949 tuam
1623 1893 1759 1964 iniuriam

59 1998 149 2053 regno
166 1981 207 2038 ite
220 1981 276 2039 sibi
291 1991 317 2040 et
332 1984 364 2040 in
387 1984 548 2041 reverentie
569 1984 643 2040 beati
672 1985 747 2042 Petri
775 2001 887 2044 succes-
940 1988 967 2037 et
979 1982 1117 2051 jacturam
1133 1985 1261 2040 noscitur
1285 1990 1465 2051 attentatum,
1480 1989 1508 2041 et
1521 1992 1553 2040 ut
1568 1982 1619 2038 tibi
1635 1997 1761 2054 congrue

58 2071 175 2128 roribus
188 2071 354 2129 exbibenda
368 2073 472 2143 pariter
493 2080 705 2141 successerunt,
728 2077 885 2146 presertim
938 2071 1131 2139 satisdatum
1145 2072 1269 2144 diligens
1283 2073 1407 2130 studium
1418 2073 1599 2145 impensuros
1608 2080 1633 2128 et
1643 2087 1760 2144 operam

58 2161 175 2234 inelyte
205 2162 411 2218 recordationis
439 2161 516 2232 Bele,
547 2177 597 2218 rex
625 2170 705 2234 peter
732 2172 808 2233 tues,
836 2165 886 2237 qui
939 2159 1280 2218 eiilcacem.ddtertium
1302 2178 1367 2219 sero
1394 2162 1561 2233 capitulum,
1592 2160 1686 2218 taliter
1714 2177 1761 2218 re-

58 2257 114 2307 toto
137 2256 270 2322 tempore
291 2252 355 2307 ritas
378 2267 436 2307 suas
460 2251 558 2308 sedem
574 2251 761 2321 apostolicam
777 2248 886 2311 studuit
937 2250 1115 2319 spondemus
1129 2251 1347 2322 quoniam,ctsi
1361 2249 1763 2323 scripseris,quodpraedictus

59 2338 214 2407 bonorare,
227 2341 276 2397 cui
291 2347 331 2410 ta,
346 2347 404 2396 tam
419 2340 449 2397 in
465 2355 554 2414 regno
569 2356 652 2411 quam
668 2342 697 2398 ia
722 2343 884 2411 devotione,
935 2338 1102 2395 loanaitius
1116 2339 1224 2396 nuliius
1238 2349 1319 2396 torre
1332 2340 1446 2411 dejure
1468 2341 1503 2396 sit
1528 2339 1675 2410 dominus,
1693 2339 1762 2396 iioet

59 2429 231 2498 succedens,
259 2445 292 2485 ee
321 2429 413 2486 iacere
431 2430 577 2497 studuisti,
593 2446 655 2501 que
669 2432 704 2486 ad
716 2432 805 2502 ipsius
820 2449 884 2504 pro-
938 2427 1063 2498 aliquam
1078 2437 1186 2499 partem
1201 2429 1253 2498 toi,
1270 2437 1296 2486 ct
1310 2428 1397 2486 aliem
1411 2428 1528 2486 alterius
1544 2429 1624 2500 regni
1639 2428 1675 2485 ad
1691 2436 1763 2485 tem-

58 2518 200 2575 ecderent
214 2519 398 2575 commodam
414 2525 441 2575 et
460 2518 611 2577 bonorem.
627 2525 726 2586 Porro,
741 2521 815 2578 sieut
830 2538 885 2578 nos
938 2532 992 2587 pus
1007 2517 1148 2575 destineat
1162 2525 1341 2589 occupatam,
1356 2518 1434 2575 unde
1455 2518 1580 2585 mireris,
1605 2518 1679 2590 quod
1706 2525 1762 2575 tem
1863 2582 1865 2587 ,

59 2623 89 2663 ee
103 2623 172 2678 qne
187 2607 264 2664 dicte
278 2613 345 2664 sant
359 2606 465 2678 absque
479 2608 567 2664 dubio
577 2609 810 2679 recognoscimus
823 2627 885 2669 esse
938 2605 1122 2663 manifestum
1147 2605 1297 2663 inimicum
1329 2614 1423 2671 inum,
1449 2613 1475 2662 ιθ
1503 2605 1678 2674 inconsulto,
1704 2613 1763 2663 itm

59 2713 136 2765 sera,
151 2696 192 2753 ite
208 2700 293 2763 utea,
309 2712 370 2766 qus
386 2704 453 2753 sunt
471 2696 593 2754 dicende
613 2714 681 2753 rere
703 2714 765 2755 esse
786 2700 885 2770 procat
937 2693 1031 2750 sabito
1044 2695 1075 2749 in
1090 2708 1183 2764 regem
1203 2694 1434 2765 proposuerimus
1445 2708 1593 2762 coronare,
1615 2708 1698 2749 secus
1722 2700 1765 2750 est

58 2786 147 2843 dubio
163 2799 361 2856 recognoscas.
379 2785 454 2842 iicet
468 2786 546 2843 enim
562 2787 884 2858 predecessoresnostri
938 2788 1033 2841 leuton
1048 2798 1082 2839 cx
1097 2781 1191 2852 ulique
1203 2788 1293 2852 porte,
1310 2791 1338 2838 ut
1352 2781 1429 2837 satra
1444 2783 1485 2837 tui
1510 2797 1579 2853 pace
1602 2781 1762 2854 loquamur,

58 2872 258 2946 progenitores
269 2882 331 2930 tuos
344 2875 499 2932 intereiios
509 2889 590 2945 reges
601 2875 885 2949 catholicosdiiigere
938 2886 1005 2928 uum
1020 2888 1107 2943 super
1122 2871 1176 2928 boc
1191 2887 1249 2928 aon
1265 2870 1349 2942 plene
1374 2871 1488 2927 noveris
1512 2871 1667 2926 veritatem.
1691 2871 1762 2926 Nam

57 2979 89 3021 sc
105 2963 250 3021 bonorare
265 2964 425 3021 studuerint
438 2965 560 3037 quadem
575 2964 664 3036 gretie
680 2966 886 3036 specialitate·
938 2961 1136 3033 antiquitusin
1152 2959 1280 3031 bulgaria
1296 2959 1368 3017 muli
1383 2976 1464 3032 reges
1478 2960 1638 3017 successiva
1648 2959 1762 3016 luerunt

57 3050 406 3125 gentesillissecundum
421 3052 510 3110 Deum
527 3053 556 3109 in
572 3054 885 3113 omulneceseiteteis·
938 3050 1104 3107 auctoritate
1131 3048 1287 3122 apostolice
1314 3050 1454 3117 coronati,
1480 3049 1556 3105 sicut
1589 3047 1697 3116 Petrus,
1735 3054 1764 3104 at

58 3156 136 3208 sere,
151 3140 314 3212 specialiter
328 3150 423 3198 temon
439 3142 522 3200 olere
534 3145 794 3215 memorimpetrem
806 3152 886 3202 tuum
899 3101 925 3169 G
938 3139 1065 3210 Samuel,
1080 3146 1108 3196 st
1119 3138 1170 3195 elii
1185 3137 1318 3195 nonnulli
1333 3146 1396 3209 post
1409 3137 1484 3195 iilos.
1499 3140 1582 3207 Nem,
1599 3144 1626 3193 et
1640 3137 1676 3193 ad
1692 3152 1764 3207 pres-

55 3230 216 3302 spostolica
229 3231 314 3287 sodes
330 3238 387 3288 toto
402 3232 554 3290 conamine
576 3249 743 3303 promovere
765 3236 885 3303 curarit,
939 3229 1110 3286 dicationem
1125 3233 1232 3284 noctes
1245 3227 1390 3284 memorie
1403 3226 1512 3282 sticotat
1537 3243 1627 3296 pspae,
1653 3226 1762 3297 proede-

57 3318 99 3374 ite
114 3320 201 3390 quod,
217 3332 285 3375 cum
300 3327 414 3391 propter
427 3322 562 3392 quasdem
574 3337 684 3391 causes,
699 3323 773 3380 sicut
791 3324 882 3381 credi·
939 3318 1061 3375 sessoris
1082 3317 1183 3386 nostri,
1212 3332 1260 3372 rex
1275 3315 1471 3386 Balgarorum,
1487 3316 1523 3371 ad
1542 3329 1663 3386 quorum
1691 3330 1761 3371 con·

59 3422 140 3476 mus,
154 3407 206 3464 tibi
220 3412 304 3464 notas
319 3408 442 3480 regalem
461 3425 519 3466 uon
535 3418 629 3480 posset
650 3411 780 3468 obtinere
802 3428 886 3469 coro·
939 3407 1013 3464 suite
1027 3406 1184 3479 sepissime
1200 3404 1400 3476 respondebat,
1425 3418 1489 3460 cum
1514 3407 1573 3459 toto
1599 3418 1687 3474 regno
1710 3418 1762 3460 sao

58 3509 141 3563 nam,
156 3493 249 3551 ielicis
262 3496 467 3552 recordationis
481 3495 643 3553 Alexander
665 3515 750 3570 pape,
776 3500 886 3570 prede·
938 3497 1095 3553 commisso
1110 3496 1212 3551 meruit
1229 3494 1374 3566 baptimi,
1390 3495 1438 3550 sod
1454 3494 1580 3562 tandem,
1605 3492 1761 3564 praevalen·

59 3598 158 3641 cmsor
185 3590 294 3654 noster,
323 3593 385 3656 post
413 3585 519 3641 multas
534 3585 756 3658 exhortationes,
780 3604 885 3658 praece·
941 3585 1138 3648 tibusGraeeis,
1149 3583 1262 3655 liutgeri
1273 3581 1761 3655 perdideruatreglemdigultatem,

58 3671 886 3747 ptioaesetcommonitionosstrigoniensiarchiepiscopo
939 3675 1060 3746 quinino
1074 3674 1216 3745 compulsi
1230 3680 1298 3729 sunt
1317 3672 1395 3743 gruri
1421 3671 1476 3727 sub
1501 3671 1571 3741 ingo
1598 3669 1763 3741 imperatori

58 3757 161 3825 iactes,
177 3769 206 3815 ιιι
221 3760 371 3830 eiregium
396 3761 528 3817 diadema
555 3761 709 3832 conterret,
734 3778 800 3820 cum
826 3763 886 3835 ipso
936 3762 1250 3834 Ganuentinopolitano
1265 3761 1380 3830 sertim,
1403 3760 1496 3817 doneo
1523 3758 1676 3816 norissima
1701 3759 1759 3815 duo

57 3863 120 3904 aon
135 3855 230 3920 posset
243 3850 278 3905 sd
296 3849 350 3905 boo
363 3848 546 3921 aliquetenus
559 3850 704 3921 inclinari,
720 3853 882 3911 tandem...
938 3855 1049 3921 iratres,
1063 3853 1161 3909 letrus
1173 3851 1307 3908 videlicet
1325 3859 1351 3906 et
1374 3851 1549 3914 toeneium,
1574 3848 1609 3904 de
1632 3848 1759 3919 priorum

53 3935 206 3993 untoseest
221 3938 437 4009 eroiriepisoopo
453 3939 579 3996 districte
595 3939 740 4012 praecepit,
767 3950 794 3996 ut
821 3942 884 4014 ipse
936 3940 1759 4014 ragomprosapiedososndcntes,terrampatrumsuorum

56 4025 792 4099 illumabsqueprejudicioStrigoniensisecclesia
805 4047 884 4089 coro·
938 4049 996 4089 nou
1011 4037 1069 4088 ιιιιι
1084 4047 1223 4102 occupare
1237 4046 1324 4103 quam
1339 4044 1506 4100 recuperare
1520 4032 1680 4101 coeperunt,
1710 4028 1761 4096 ite,

58 4122 141 4170 neret
155 4116 186 4171 iu
199 4130 307 4186 regem,
320 4123 347 4172 et
362 4116 450 4173 sioed
460 4117 626 4173 mandatum
636 4118 800 4190 apostolice
808 4120 884 4177 sedis
937 4123 1010 4192 quod
1027 4136 1084 4176 ane
1095 4121 1142 4176 dis
1154 4121 1191 4176 de
1218 4120 1330 4191 magnis
1345 4119 1533 4190 principibus,
1550 4125 1577 4173 at
1601 4117 1762 4173 innumeris
1868 4182 1870 4187 ¹

56 4203 184 4260 obtinuit
199 4205 495 4272 coronariouantuut
509 4206 605 4277 etiam,
617 4208 694 4263 circa
709 4208 883 4279 principium
937 4210 1050 4282 populls
1063 4208 1224 4267 mirabilem
1250 4212 1317 4265 sunt
1339 4207 1488 4263 victoriam
1514 4206 1670 4262 consecuti.
1697 4206 1761 4263 Non

57 4292 283 4365 ragnimirguod
296 4294 883 4367 atiquepropterdissensionesmuitornm
935 4315 1003 4372 ergo
1018 4312 1164 4369 negemus,
1180 4298 1248 4368 quta
1264 4298 1363 4352 forsan
1386 4297 1511 4367 aliquem
1539 4301 1646 4365 partem
1677 4301 1758 4350 terre

56 4379 237 4438 noniesitsr
264 4382 369 4439 exstitit
397 4381 589 4454 pertubatum,
617 4385 773 4455 apostolica
801 4387 883 4444 sedes
934 4388 1076 4444 violenter
1100 4387 1277 4455 invaserunt,
1304 4385 1353 4440 sed
1392 4390 1562 4440 constanter
1604 4383 1758 4440 asserimus

55 4470 426 4542 tibicareveritsubveaire‚
442 4473 878 4544 ipsererumostonditeiloetas,
896 4458 922 4522 D
937 4477 1012 4549 quod
1030 4476 1184 4546 plurimam
1213 4481 1292 4530 terre
1322 4479 1430 4544 partem
1456 4473 1493 4528 de
1518 4472 1582 4541 jure
1611 4485 1761 4541 recupere-

56 4560 263 4630 conlaudem,
279 4561 565 4632 perlegatumsuum
584 4562 619 4617 ed
643 4561 697 4619 boo
719 4562 881 4633 specialiter
936 4580 1001 4620 rere
1015 4570 1143 4634 paterno.
1159 4560 1251 4627 Unde,
1277 4576 1330 4616 nos
1353 4574 1418 4616 eum
1443 4574 1502 4616 noa
1528 4573 1612 4630 super
1635 4558 1759 4615 alienam

56 4646 242 4718 destinatam,
266 4652 295 4705 te
322 4665 355 4705 se
384 4658 447 4705 tuos
476 4664 510 4704 ox
538 4651 881 4720 unafparta,noononet
938 4662 1040 4711 terram
1068 4652 1116 4708 sed
1146 4666 1235 4722 super
1262 4650 1453 4722 proprismed
1483 4649 1574 4704 instar
1602 4649 1760 4720 praedeces·

55 4738 174 4794 tratrem
185 4744 267 4797 tuam
279 4754 314 4794 ao
328 4740 454 4797 lautores
469 4741 532 4811 ejus
546 4756 580 4796 ax
600 4740 689 4796 altera
712 4742 823 4798 reduxit
845 4745 880 4801 sd
936 4757 1035 4800 sorum
1051 4748 1211 4798 nostrorum
1228 4754 1322 4812 regom
1338 4737 1515 4794 intendimus
1539 4752 1687 4807 coronare,
1711 4752 1759 4794 so-

55 4840 170 4899 peceas,
186 4840 249 4897 que
267 4826 332 4883 iioet
347 4827 466 4884 formata
482 4827 565 4885 tuerit
579 4832 610 4883 et
624 4828 754 4895 formata,
771 4831 880 4887 utinam
936 4833 1038 4900 lentes,
1052 4837 1083 4887 ut
1097 4837 1125 4886 ot
1138 4831 1200 4900 ipse
1214 4836 1315 4886 terram
1331 4828 1460 4884 restituet
1474 4826 1580 4896 iniuste
1603 4828 1759 4892 detentam,

54 4922 153 4969 temen
168 4913 272 4971 melius
284 4914 432 4971 observate
447 4915 564 4972 iaisseti
582 4917 625 4972 tu
641 4917 798 4973 secundum
815 4935 880 4975 sero
935 4928 963 4977 et
975 4928 1049 4976 terre
1063 4918 1167 4988 injuste
1181 4918 1296 4973 detenta
1310 4916 1472 4973 restituatur
1486 4913 1592 4983 eidem,
1611 4928 1678 4969 cum
1699 4913 1760 4984 ipse

54 5001 226 5073 capitulam,
256 5004 464 5075 respondemus
491 5003 544 5060 boo
574 5006 670 5073 modo,
692 5005 766 5076 quod
783 5022 880 5063 resera
936 5009 1118 5081 postulaverit
1135 5004 1369 5073 bocanobis,ut
1393 5006 1429 5061 tle
1451 5003 1535 5059 terris
1550 5003 1655 5059 invasis
1670 5002 1758 5057 iscia-

53 5099 82 5148 10
98 5090 209 5147 milit
224 5091 370 5148 within
386 5100 490 5157 itmm
505 5094 655 5161 immillo
677 5093 788 5150 4011ιίῦὶ
811 5093 880 5152 Biti-
936 5115 1000 5156 mss
1013 5100 1088 5155 inter
1102 5105 1129 5153 te
1143 5103 1170 5152 et
1185 5097 1280 5167 ipsum
1296 5094 1408 5166 utrique
1423 5091 1494 5165 parti
1512 5092 1652 5164 justitiam
1674 5091 1757 5147 sabi·

50 5194 207 5252 gas-orum
223 5187 251 5236 ct
265 5180 355 5250 ipsius
372 5181 481 5238 nuntiis
495 5182 531 5237 ad
547 5181 704 5239 Ecclesiam
720 5182 879 5241 Romanam
936 5187 1006 5245 beri.
1019 5188 1089 5243 Cum
1104 5186 1193 5257 igitur
1210 5183 1319 5240 nuntiis
1334 5182 1486 5239 nostrised
1503 5197 1579 5248 eum,
1593 5185 1622 5237 et
1648 5180 1757 5236 nuntiis

86 5332 163 5402 (356)
178 5331 527 5458 fgistoiambanolaudet
540 5333 754 5404 llepuaitlus,ed
769 5350 879 5393 annum
971 5330 1124 5401 mtegram,
1145 5327 1332 5396 numerisque
1358 5323 1493 5381 omnibus
1519 5323 1693 5388 absolutam,
1722 5338 1756 5380 ex

51 5404 163 5471 ⁴20ss
934 5403 1076 5460 coletioue
1092 5398 1247 5471 apographi
1262 5396 1345 5453 Conti
1358 5404 1384 5452 et
1398 5395 1507 5453 codicis
1520 5394 1653 5450 Vaticani
1674 5393 1756 5450 esbi-

90 5476 203 5544 tegitur
230 5475 260 5531 ln
290 5475 382 5533 Gestis
418 5476 588 5543 innocentii,
619 5478 634 5545 ς
660 5476 707 5547 to,
740 5477 789 5532 sed
822 5479 877 5536 eil·
934 5479 1043 5537 ιιοιιιιι.

50 5555 158 5617 quanto
187 5545 300 5615 mutila,
324 5563 378 5606 nec
401 5563 460 5604 non
482 5548 598 5604 mendis
612 5547 757 5618 aliquibus
770 5549 875 5606 vitiata.
