3780 6000
71 228 144 284 raas
281 190 284 195 ’
571 232 1277 303 eortmmcaruesriuoxr,cuntant1208,

10 320 39 383 ᾖ
70 353 319 426 adepiscopatum
336 355 510 427 predictum
520 353 894 428 medientejustitineubia·
909 356 937 424 Α
1286 360 1442 418 cmxii·

10 428 34 513 Fi
69 443 894 516 taanjuaiinatappaitatianinnuataeuiarnaritnifaciatis,
1315 465 1414 506 arnam.

10 522 34 565 ἓ
69 548 124 587 nec
139 530 317 604 permittatie
333 535 471 590 eumdem
486 546 625 607 supereo
646 533 776 591 indebite
787 532 894 590 moles·
1190 538 1279 611 Super
1292 537 1387 595 codem
1402 544 1533 599 materia.

10 606 31 657 ’ἶ
67 620 125 677 tari
141 621 371 680 contradictores
399 639 451 695 per
478 638 635 681 censuram
663 622 894 683 ecclesiacticam
1126 627 1287 700 (Laterani,
1307 628 1383 685 vid.
1400 630 1595 705 Decembris.)

10 704 28 743 Ξ·
67 717 301 783 compoenentea.
312 713 394 780 Quod
409 714 434 771 ei
449 726 509 773 ooo
522 730 638 784 omnen,
653 719 710 773 etc.
737 714 802 771 Duo
826 728 893 771 res·
983 715 1430 790 (tidiiieuieneadapoetnlicam
1443 718 1774 783 eademdiientueiiiius

10 798 21 837 Ξ
66 807 150 859 trum
165 818 210 871 aa,
224 806 283 861 etc.
947 804 1041 862 Guido
1056 805 1180 864 nuntius
1194 808 1265 864 tetus
1279 806 1375 880 regiae
1390 806 1476 867 nobie
1489 807 1604 869 litteras
1616 818 1776 884 prasente·

14 896 22 929 -“
102 891 211 950 iietnm
228 893 375 962 Laterani,
390 895 501 952 aridus
520 896 685 966 decembr,
700 893 891 969 pontificatue
945 893 1003 965 rit,
1013 897 1116 966 patene
1129 911 1165 952 ex
1175 899 1258 968 parto
1267 898 1320 953 tua
1331 896 1503 970 suppliciter
1512 898 1652 959 rivavoce
1662 906 1695 959 nt
1704 903 1775 962 cha·

10 984 12 989 '
62 981 159 1039 nostri
173 996 252 1040 anno
272 983 442 1042 undecimo.
946 982 1063 1042 riseims
1086 984 1116 1041 in
1131 984 1247 1043 christo
1266 985 1328 1043 iilia
1351 987 1508 1060 ingeburgi
1530 988 1629 1060 regina
1645 990 1773 1049 Franco·

10 1074 13 1091 '
413 1073 542 1132 CLXXX.
944 1088 1011 1131 rum
1035 1088 1125 1132 uxore
1149 1083 1199 1133 tua
1221 1080 1328 1147 sponte
1351 1076 1387 1132 ad
1412 1075 1563 1149 religionis
1586 1079 1771 1153 propositum

10 1168 12 1173 '
100 1176 226 1218 nameus
240 1179 364 1220 rnrnrarr
379 1179 464 1221 arere
478 1180 655 1223 raaucoauac
669 1180 705 1222 ro
714 1178 851 1220 noursuu
943 1166 1115 1222 transeunte
1129 1181 1162 1221 ec
1178 1164 1294 1237 publice
1308 1165 1503 1223 oondtentein
1513 1166 1577 1226 loco
1587 1183 1703 1239 securo,
1713 1169 1770 1229 eio-

423 1272 529 1313 aaran.
944 1256 977 1309 ut
999 1253 1114 1326 legatus
1139 1257 1240 1311 noeter
1262 1255 1411 1324 statuerit,
1435 1259 1523 1328 teque
1542 1257 1664 1328 jurante
1688 1261 1769 1333 quod

337 1345 376 1401 De
389 1361 473 1402 aomo
487 1346 613 1402 diuortii.
943 1358 1008 1399 eam
1029 1342 1186 1401 carnaliter
1209 1360 1267 1401 non
1292 1344 1474 1415 cognoveris,
1498 1345 1583 1403 iieeat
1597 1346 1663 1418 [tibi
1678 1347 1769 1408 sliam

98 1431 293 1489 sanctissimo
309 1433 885 1491 Patrietdominoalarissimoinnocen·
942 1433 1049 1489 ducere
1075 1432 1104 1489 in
1130 1449 1270 1504 uxorem3
1288 1433 1370 1506 quia,
1394 1433 1473 1492 eiout
1497 1433 1593 1494 ielicie
1617 1439 1767 1497 memorio

58 1522 103 1578 tio
119 1520 170 1577 liei
184 1521 278 1593 gratia
294 1527 489 1580 sacrosancte
504 1524 642 1581 Romanae
655 1527 685 1581 et
708 1523 886 1581 universatis
940 1521 1395 1596 Alexanderpapaprradeceesor
1405 1526 1668 1599 nanterreepondit
1679 1528 1766 1601 1100),

59 1610 199 1669 Ecclesiae
214 1626 333 1669 summo
349 1612 480 1686 pontiflci
494 1612 650 1686 Phiiippus
671 1614 773 1670 eadem
789 1613 886 1686 gratia
940 1609 1010 1669 iicet
1024 1611 1053 1669 in
1069 1612 1223 1686 iirangeiio
1243 1613 1386 1670 Dominus
1402 1613 1509 1672 dixerit
1523 1631 1581 1672 non
1601 1614 1689 1675 licere
1702 1617 1765 1679 viro

56 1700 237 1758 Francorum
254 1718 304 1759 rex
319 1701 482 1759 salutemet
491 1703 689 1761 tamdebitsm
700 1720 790 1777 quam
798 1704 883 1761 dero·
896 1701 922 1769 Β
936 1718 1057 1759 uxorem
1077 1720 1163 1761 suam
1178 1702 1237 1761 niei
1251 1703 1288 1759 ob
1303 1720 1425 1761 caueam
1441 1703 1644 1763 fornicationis
1659 1706 1761 1765 dimit·

57 1795 118 1848 tam
136 1792 166 1847 in
180 1791 320 1848 omnibus
335 1792 538 1850 reverentiam.
934 1795 1006 1859 tere,
1030 1790 1255 1865 intelligendum
1271 1797 1429 1850 esttamen
1445 1808 1546 1851 secum
1567 1793 1644 1851 sacri
1670 1811 1762 1869 expo-

94 1881 882 1956 Poternitativestru,dequaplsneconfidimus,preoes
933 1880 1071 1939 eitionem
1095 1881 1204 1954 eloquii
1220 1883 1257 1939 da
1271 1881 1308 1939 iis
1327 1898 1453 1955 quorum
1474 1883 1697 1943 matrimonium
1712 1889 1757 1944 ast

56 1971 882 2046 affectuosasextotooordieaieotuporrigimuequetenus
932 1969 1756 2045 cardinalicapulannnanmmatumeinaqnamatrinrn·

55 2061 119 2117 uiro
135 2059 881 2134 venarabilidominoduuiaaIegatorestro,quieetin
933 2060 1016 2117 nium
1032 2061 1201 2118 consumam
1226 2077 1284 2118 non
1300 2064 1416 2134 potest,
1431 2066 1461 2119 et
1476 2061 1542 2121 ideo
1564 2063 1590 2121 ei
1606 2078 1665 2123 uon
1680 2069 1759 2124 ests

56 2155 137 2206 terra
156 2154 266 2220 nostre,
278 2151 353 2207 detis
369 2155 537 2223 potestatem
555 2152 711 2224 separandi
730 2152 881 2209 matrimo·
931 2147 993 2205 viro
1007 2164 1062 2205 ruo
1074 2148 1192 2222 cognita
1206 2148 1445 2219 mulier,licitum
1459 2151 1577 2209 eisetad
1585 2151 1758 2226 religionem

57 2239 140 2296 nium
153 2243 287 2298 nostrum
297 2240 493 2313 appellatione
504 2240 882 2313 remota,sireperaiiinita·
932 2237 1058 2294 transire
1074 2237 1159 2309 (toi),
1185 2239 1262 2295 aiant
1276 2237 1354 2295 idem
1370 2237 1441 2296 alibi
1461 2239 1580 2312 dicitur,
1595 2244 1673 2316 quod
1690 2248 1758 2318 poet

55 2330 198 2399 tcm,sire
213 2346 265 2403 per
280 2329 683 2401 maleficium‚eiraintrendo
694 2331 880 2404 religionem,
932 2326 1143 2399 legitimumda
1157 2328 1481 2399 praeantiaonnennum
1492 2329 1607 2391 licitum
1618 2335 1663 2390 eat
1673 2332 1758 2391 alteri

57 2419 118 2476 sire
134 2418 190 2474 alio
202 2433 378 2490 quocunque
390 2418 882 2492 moderationabiliperquemeoiet
932 2417 1093 2490 conjugum
1108 2415 1215 2490 aligera
1230 2417 1453 2488 monasterium,
1465 2419 1554 2479 etiam
1569 2419 1660 2479 altero
1671 2437 1758 2494 rapu·

54 2507 185 2581 soporari
200 2507 422 2564 matrimonium
438 2512 569 2581 tempore
588 2512 683 2565 restro
695 2514 725 2566 et
738 2511 880 2584 tempori·
932 2512 1051 2577 granta,
1075 2505 1327 2578 quomadmodum
1343 2507 1465 2579 quidam
1480 2509 1575 2567 saneti
1588 2509 1624 2566 de
1645 2510 1759 2584 nuptiis

56 2599 112 2655 bue
123 2602 342 2654 antecessorum
352 2601 560 2669 vastrorum,et
573 2596 714 2656 leviorem
725 2599 880 2672 dispensa·
931 2595 1025 2653 vocati
1050 2594 1180 2667 inerunt,
1195 2595 1353 2653 dommodo
1366 2595 1493 2657 carnalia
1517 2599 1683 2658 nommietio
1697 2616 1757 2659 nou

56 2689 166 2744 tionem
178 2702 268 2758 quam
279 2687 414 2759 poteritis
429 2701 498 2759 erga
513 2703 577 2756 uns,
589 2687 614 2745 ei
631 2687 737 2760 placet,
754 2689 878 2747 iuniatis.
932 2684 1021 2741 inerit
1032 2685 1202 2754 subsecuta,
1217 2688 1246 2743 et
1260 2684 1345 2742 alteri
1361 2687 1536 2757 remanenti,
1549 2687 1576 2746 si
1591 2688 1758 2747 commoni-

55 2779 150 2849 Super
176 2776 213 2834 iis
242 2781 340 2832 autem
356 2780 386 2833 et
400 2792 490 2849 saper
505 2776 570 2833 eiiie
584 2776 663 2834 udati
685 2781 715 2834 et
742 2777 881 2835 familiari
931 2776 980 2831 tue
995 2772 1206 2833 continentiam
1222 2789 1337 2831 servare
1356 2774 1494 2841 noluerit,
1509 2775 1623 2833 licitum
1637 2793 1702 2835 eene
1715 2778 1757 2835 ri·

55 2867 162 2924 clerieo
173 2869 273 2924 nostro
288 2865 413 2923 Gnidoni
429 2865 585 2924 deAtheiie
595 2866 680 2923 latori
692 2868 880 2941 praesentium
932 2865 1019 2921 detur
1033 2866 1066 2921 ut
1080 2863 1116 2921 ed
1127 2864 1255 2921 secunde
1267 2863 1361 2937 poeeit
1375 2867 1440 2922 rota
1450 2866 1577 2924 truneire
1588 2883 1596 2935 ;
1606 2866 1755 2940 quiscum

55 2975 89 3014 ex
104 2963 187 3030 parte
201 2960 304 3014 anatra
318 2956 523 3014 indubitanter
536 2956 672 3015 credatis.
931 2968 990 3011 non
1016 2953 1141 3010 tuissent
1156 2968 1216 3010 una
1241 2969 1308 3010 ouro
1323 2952 1413 3011 simul
1435 2952 1542 3022 edenti,
1570 2955 1644 3013 eatis
1660 2959 1757 3029 potest

388 3045 541 3104 CLXXXI.
891 3069 914 3139 c
932 3042 1057 3100 transire
1073 3058 1150 3100 unus
1161 3043 1196 3099 ud
1209 3042 1303 3099 Deum
1314 3042 1463 3101 etalterin
1475 3042 1581 3101 eraculo
1592 3061 1755 3104 remunera.

52 3153 220 3195 nnrnreeraro
233 3151 264 3193 rra
276 3152 395 3194 cantero
411 3152 483 3193 rrnro
498 3150 629 3194 anitiano
654 3150 786 3196 incusum
810 3154 876 3197 auat
931 3135 1004 3191 eam
1020 3132 1112 3205 igitur
1135 3132 1211 3189 hanc
1227 3131 1322 3190 eniam
1337 3148 1457 3191 oausam
1473 3133 1613 3204 assignet,
1638 3135 1717 3207 quod
1730 3134 1757 3193 et

371 3242 564 3283 saracenum
931 3220 1038 3279 mulier
1052 3236 1103 3294 per
1116 3220 1353 3279 oommietiooem
1368 3220 1514 3281 carnalem
1526 3238 1584 3279 non
1595 3227 1641 3281 eet
1653 3223 1758 3285 edecta

213 3317 400 3380 Rerroarora'o
414 3315 536 3388 epistotae
556 3317 718 3388 superioria.
932 3327 992 3369 una
1013 3327 1082 3368 caro
1097 3326 1164 3368 rum
1189 3310 1260 3377 viro,
1278 3326 1311 3368 eo
1336 3311 1424 3370 etiam
1437 3316 1620 3385 repugnante
1639 3313 1675 3371 ad
1692 3310 1758 3371 reli.-

221 3404 438 3478 (interantur
456 3405 499 3461 id.
517 3402 707 3479 decembris.)
931 3401 1048 3474 ginnem
1063 3399 1158 3457 valeat
1173 3399 1395 3473 transmigrare,
1408 3400 1520 3460 nuliam
1530 3400 1757 3461 eiiameircum·
1851 3438 1854 3443 -

93 3501 288 3571 superatura
302 3494 432 3568 conjugii
448 3494 523 3550 atius
538 3494 592 3551 tibi
602 3495 717 3553 litteras
728 3495 800 3554 satis
810 3512 880 3570 pro·
933 3489 1073 3548 stantium
1094 3489 1259 3562 allegando,
1276 3494 1357 3562 putet
1371 3491 1500 3562 proiecto
1523 3492 1600 3565 quod
1616 3492 1757 3551 existente

55 3589 131 3645 lixae
146 3584 315 3658 dirigimus,
329 3600 393 3657 qure
408 3599 460 3657 pro
480 3583 585 3655 majori
617 3588 700 3657 parte
726 3587 881 3659 utriunque
933 3595 1033 3647 causa,
1049 3578 1192 3651 cubeequi
1203 3579 1440 3651 potestatiectus,
1451 3581 1757 3655 presertimcumaio·

56 3676 151 3751 partis
166 3673 319 3731 continent
332 3672 472 3738 rationes,
488 3673 543 3730 han
555 3673 717 3746 presertim
734 3689 769 3731 er
778 3690 879 3745 neusa,
934 3672 967 3724 ut
980 3666 1146 3725 commistio
1161 3683 1284 3725 sexuum
1298 3669 1434 3741 deeignst
1448 3670 1587 3728 unionem
1601 3669 1679 3727 inter
1692 3686 1756 3731 ver·

57 3770 91 3822 ut
106 3764 164 3821 iiiia
179 3762 320 3835 inspectis
342 3760 487 3818 deliberes
501 3777 570 3818 cum
584 3761 656 3820 vicie
673 3763 879 3836 prudentibus,
934 3757 1004 3815 bum
1019 3760 1049 3814 et
1062 3757 1225 3813 humanam
1240 3760 1390 3825 naturam.
1405 3757 1474 3830 (tuit
1489 3758 1615 3819 Verbum
1636 3775 1703 3819 etro
1717 3759 1757 3819 ft·

58 3855 109 3928 qni
126 3869 183 3910 non
199 3850 512 3923 minuerespioiantad
522 3850 670 3924 iustitiam
683 3866 772 3926 qoam
783 3866 882 3926 pareo·
933 3851 1014 3904 otum
1029 3850 1075 3904 aet
1085 3849 1116 3905 et
1129 3846 1274 3904 habitarit
1289 3847 1319 3904 in
1334 3847 1431 3919 nebia,
1446 3847 1488 3905 sio
1503 3848 1670 3907 animorum
1685 3865 1757 3907 non·

58 3960 139 4012 nam,
156 3946 255 3998 utrum
270 3939 407 4013 expediat
420 3938 475 3996 tibi
490 3954 580 4013 super
594 3940 660 4014 ipsa
672 3956 782 4000 caueae
798 3942 882 3999 ubire
934 3951 1040 3994 sensus
1056 3935 1206 4009 significat
1219 3935 1392 3995 chediatam
1408 3936 1485 3997 inter
1494 3937 1588 3995 Deum
1603 3942 1631 3998 et
1641 3939 1756 4010 juetam

53 4030 295 4107 judieium,quod
310 4027 437 4086 exerceri
452 4029 572 4101 quidem
592 4033 707 4103 eportet
718 4031 782 4088 eine
801 4032 882 4089 omni
933 4025 1076 4092 enimam,
1089 4025 1229 4096 quonism
1244 4025 1298 4098 qui
1310 4025 1439 4082 adheret
1452 4025 1522 4095 Deo,
1539 4042 1617 4083 nnus
1631 4025 1759 4098 spiritus

59 4122 230 4192 acceptione
245 4135 386 4193 perennes.
402 4118 462 4175 Noe
476 4120 882 4192 autem,quiattnamaeaan·
934 4117 979 4171 eet
993 4129 1061 4169 uum
1077 4128 1130 4183 eo;
1147 4117 1177 4171 et
1201 4113 1267 4171 idco
1282 4114 1361 4171 eicut
1374 4113 1527 4171 vinculum
1548 4112 1667 4171 unionis
1682 4112 1759 4171 inter

60 4213 130 4268 dum
146 4210 276 4266 unimam
291 4207 486 4265 desideramus
501 4207 671 4277 salutemet
685 4212 883 4267 tuumseeun·
934 4209 1063 4267 Verbum
1075 4203 1273 4262 ethumanem
1288 4208 1424 4261 naturam
1436 4203 1566 4276 separari
1581 4219 1640 4261 uon
1651 4206 1758 4276 potent,

60 4302 132 4357 dum
149 4314 257 4372 corpus
270 4297 402 4355 zelamur
419 4296 632 4366 honorem‚hoc
646 4301 703 4355 tuo
713 4298 803 4372 regali
815 4315 884 4372 pru·
936 4300 979 4356 ein
992 4294 1143 4355 vinculum
1158 4292 1314 4366 conjugale
1328 4292 1405 4348 inter
1418 4292 1513 4350 virum
1529 4294 1558 4348 et
1580 4307 1701 4348 uxorem
1714 4291 1759 4349 eis

60 4389 165 4447 dentiae
180 4393 260 4444 reete
270 4387 327 4442 tide
341 4384 525 4443 consulimus
540 4390 569 4443 et
582 4387 770 4460 suggerimus
784 4387 882 4444 inten·
934 4385 1101 4445 niventibus
1115 4400 1174 4439 non
1190 4385 1287 4455 potest
1301 4380 1422 4439 dissolvi
1437 4384 1592 4455 postquam
1609 4396 1661 4452 per
1679 4395 1759 4437 com·

61 4477 494 4548 tinneeinrere,quateuuenon
506 4474 880 4544 eoiuminoiineeanimum,
937 4476 1106 4534 mistionem
1122 4486 1248 4529 nexuum
1262 4469 1359 4529 effecti
1373 4473 1586 4527 suntunaearo
1598 4489 1605 4539 ;
1617 4469 1667 4527 aad
1681 4468 1759 4529 eicut

62 4570 112 4625 eod
128 4567 215 4624 ctiam
231 4580 318 4638 cogas
333 4564 432 4637 ipsum
443 4569 585 4638 tanquam
600 4580 649 4622 rex
663 4565 748 4623 tortis
762 4570 792 4622 et
813 4582 882 4640 pru·
934 4564 1083 4640 glutinum
1107 4559 1263 4618 charitatis
1284 4559 1361 4617 inter
1374 4558 1467 4617 [teum
1481 4561 1511 4616 et
1536 4558 1666 4619 enimam
1681 4574 1758 4632 sepe

62 4660 146 4728 done,
161 4658 212 4729 qui
228 4660 278 4713 tuo
292 4670 410 4728 quoque
426 4656 515 4712 debes
529 4655 628 4713 animo
655 4656 814 4725 dominari,
843 4657 879 4715 sd
935 4653 1118 4721 dissolvitur,
1130 4650 1171 4709 its
1185 4648 1349 4723 conjugalis
1359 4653 1458 4723 potest
1470 4648 1611 4706 monerio
1626 4648 1757 4721 separari

60 4746 258 4804 exhibendum
273 4743 455 4801 charissimes
469 4744 501 4799 tn
515 4742 630 4800 Christo
640 4744 708 4801 titire
719 4750 824 4804 nostrae
835 4751 882 4803 in·
935 4744 1054 4818 quando
1068 4742 1150 4799 enine
1165 4740 1242 4797 inter
1256 4739 1566 4813 coniugesooneeaeue
1580 4736 1680 4797 existit
1693 4738 1759 4797 ani·

13 4851 18 4861 ·
60 4837 184 4910 geburgi
202 4835 310 4909 regine
325 4833 676 4891 rranroramuxartena
694 4837 881 4908 conjugatem
936 4850 1063 4903 morum,
1079 4840 1197 4906 propter
1210 4829 1284 4887 iliud
1296 4831 1374 4903 quod
1387 4829 1486 4901 inquit
1502 4827 1673 4902 Apostniue,
1689 4844 1760 4901 pro·

61 4928 211 4993 etinctum,
225 4925 305 4997 quod
322 4923 443 4995 quidem
459 4921 484 4977 ei
499 4921 614 4989 iacente,
629 4936 683 4978 nos
697 4924 775 4995 apud
788 4924 882 4981 Deum
935 4922 1057 4996 inplesti
1080 4923 1203 4981 verbum
1226 4935 1377 4994 exponens
1399 4919 1536 4989 dicentis,
1558 4917 1760 4975 trucidatoris

62 5016 116 5072 tibi
130 5013 266 5071 volumus
282 5010 656 5084 eeeeeponsoresquooiam
667 5013 696 5066 et
706 5011 736 5067 in
747 5011 882 5084 presenti
935 5028 1019 5069 cama
1033 5027 1109 5068 unc:
1124 5013 1282 5068 decertem
1295 5010 1355 5067 dico
1365 5026 1499 5083 mepeuea
1512 5009 1717 5067 sacromentum
1730 5007 1764 5065 irs

59 5105 130 5161 etin
143 5104 242 5160 tuturo
254 5104 317 5175 ipse
330 5100 384 5157 tibi
400 5099 565 5157 mercedem
577 5098 718 5156 retribuet
728 5115 883 5172 supreme·
937 5100 1047 5157 ciritio
1060 5105 1087 5156 et
1102 5102 1132 5156 ie
1146 5101 1272 5158 &ciseio
1286 5101 1395 5174 (Epter.
1410 5102 1452 5173 v).
1466 5101 1556 5157 Porro
1570 5115 1639 5157 oum
1654 5098 1763 5159 veritos

60 5199 117 5254 rita
131 5198 324 5270 insperatam.
937 5193 1014 5265 ipee,
1029 5207 1095 5264 quar
1109 5192 1187 5248 Deua
1200 5195 1256 5260 est,
1268 5208 1327 5249 non
1338 5208 1388 5264 per
1404 5189 1572 5263 apostolum
1582 5190 1628 5247 vei
1637 5191 1761 5263 prophe·

96 5288 205 5345 Datum
221 5286 406 5356 Laterani‚vrr
421 5284 491 5340 idus
510 5281 881 5356 Deccmbrie‚pontiticatue
935 5287 1009 5352 tam,
1021 5283 1072 5339 ead
1085 5298 1136 5354 per
1145 5281 1319 5354 scipenmin
1329 5281 1501 5353 Euangeliou
1510 5281 1653 5339 euodioat
1663 5298 1671 5339 ε
1682 5282 1764 5354 Quod

61 5379 154 5436 nostri
169 5394 247 5436 enno
261 5376 426 5434 undecimo.
934 5375 1005 5432 deus
1019 5370 1168 5445 roajaarit
1185 5377 1264 5428 irorao
1283 5387 1339 5428 rrorr
1349 5373 1460 5442 reparet
1472 5370 1578 5443 (Hatria
1602 5372 1682 5446 mxi:
1706 5375 1758 5430 et:

97 5522 157 5594 (00)
171 5522 245 5579 Vide
260 5518 338 5578 inira
352 5519 404 5577 lib.
420 5533 468 5589 xv,
483 5517 571 5590 epist.
591 5518 652 5587 101,
666 5517 729 5576 aon.
970 5513 1045 5586 (101)
1061 5515 1128 5585 Cap.
1145 5511 1187 5566 ita
1198 5509 1321 5582 publico,
1337 5508 1402 5568 eod.
1419 5509 1465 5567 tit.

95 5593 172 5667 (100)
186 5594 255 5668 Cap.
274 5591 583 5662 irremuneratam.
600 5591 781 5663 conjugator.
