<?xml version="1.0" encoding="UTF-8"?>
<!DOCTYPE html PUBLIC "-//W3C//DTD XHTML 1.0 Transitional//EN"
    "http://www.w3.org/TR/xhtml1/DTD/xhtml1-transitional.dtd">
<html xmlns="http://www.w3.org/1999/xhtml" xml:lang="en" lang="en">
 <head>
  <title>
</title>
<meta http-equiv="Content-Type" content="text/html;charset=utf-8" />
  <meta name='ocr-system' content='tesseract 3.04.00' />
  <meta name='ocr-capabilities' content='ocr_page ocr_carea ocr_par ocr_line ocrx_word'/>
</head>
<body>
  <div class='ocr_page' id='page_1' title='image "./patrologiaecurs41unkngoog/patrologiaecurs41unkngoog_0154.png"; bbox 0 0 3788 6022; ppageno 0'>
   <div class='ocr_carea' id='block_1_1' title="bbox 62 202 1774 275">
    <p class='ocr_par' dir='ltr' id='par_1_1' title="bbox 62 202 1774 275">
     <span class='ocr_line' id='line_1_1' title="bbox 62 202 1774 275; baseline 0.005 -14"><span class='ocrx_word' id='word_1_1' title='bbox 62 202 113 261; x_wconf 69' lang='grc' dir='ltr'><strong>Μ</strong></span> <span class='ocrx_word' id='word_1_2' title='bbox 558 208 820 268; x_wconf 70' lang='lat' dir='ltr'>mammenus</span> <span class='ocrx_word' id='word_1_3' title='bbox 836 208 938 265; x_wconf 73' lang='lat' dir='ltr'>ANNO</span> <span class='ocrx_word' id='word_1_4' title='bbox 956 209 1018 275; x_wconf 87' lang='lat' dir='ltr'>Vll,</span> <span class='ocrx_word' id='word_1_5' title='bbox 1037 210 1180 267; x_wconf 75' lang='lat' dir='ltr'>CHRISTI</span> <span class='ocrx_word' id='word_1_6' title='bbox 1201 209 1282 264; x_wconf 68' lang='lat'>1204.</span> <span class='ocrx_word' id='word_1_7' title='bbox 1720 212 1774 269; x_wconf 79' lang='lat'>298</span> 
     </span>
    </p>
   </div>
   <div class='ocr_carea' id='block_1_2' title="bbox 10 330 1775 783">
    <p class='ocr_par' dir='ltr' id='par_1_2' title="bbox 30 330 1775 585">
     <span class='ocr_line' id='line_1_2' title="bbox 30 330 1775 407; baseline 0.002 -18"><span class='ocrx_word' id='word_1_8' title='bbox 30 376 33 381; x_wconf 88' lang='lat'>.</span> <span class='ocrx_word' id='word_1_9' title='bbox 62 331 223 405; x_wconf 77' lang='lat' dir='ltr'>separavit.</span> <span class='ocrx_word' id='word_1_10' title='bbox 235 330 604 406; x_wconf 84' lang='lat' dir='ltr'>Utigitur,ejusexemplo,</span> <span class='ocrx_word' id='word_1_11' title='bbox 618 333 669 406; x_wconf 91' lang='lat' dir='ltr'>qui</span> <span class='ocrx_word' id='word_1_12' title='bbox 680 332 774 391; x_wconf 83' lang='lat' dir='ltr'>illium</span> <span class='ocrx_word' id='word_1_13' title='bbox 790 331 889 406; x_wconf 91' lang='lat' dir='ltr'>prodi·</span> <span class='ocrx_word' id='word_1_14' title='bbox 903 339 931 403; x_wconf 73' lang='grc' dir='ltr'><strong>Α</strong></span> <span class='ocrx_word' id='word_1_15' title='bbox 945 332 1012 390; x_wconf 92' lang='lat' dir='ltr'>liter</span> <span class='ocrx_word' id='word_1_16' title='bbox 1021 334 1198 403; x_wconf 74' lang='lat' dir='ltr'>observetis,</span> <span class='ocrx_word' id='word_1_17' title='bbox 1215 333 1358 406; x_wconf 85' lang='lat' dir='ltr'>alioquin,</span> <span class='ocrx_word' id='word_1_18' title='bbox 1376 333 1554 390; x_wconf 86' lang='lat' dir='ltr'>sententiam</span> <span class='ocrx_word' id='word_1_19' title='bbox 1570 350 1658 407; x_wconf 89' lang='lat' dir='ltr'>quam</span> <span class='ocrx_word' id='word_1_20' title='bbox 1672 336 1775 394; x_wconf 86' lang='lat' dir='ltr'>tulerit</span> 
     </span>
     <span class='ocr_line' id='line_1_3' title="bbox 62 420 1771 496; baseline 0.003 -19"><span class='ocrx_word' id='word_1_21' title='bbox 62 422 314 494; x_wconf 67' lang='lat' dir='ltr'>gumfradeuntem</span> <span class='ocrx_word' id='word_1_22' title='bbox 325 422 425 480; x_wconf 88' lang='lat' dir='ltr'>induit</span> <span class='ocrx_word' id='word_1_23' title='bbox 437 422 895 496; x_wconf 81' lang='lat' dir='ltr'>stolaprima,etannulumdedit</span> <span class='ocrx_word' id='word_1_24' title='bbox 943 422 973 477; x_wconf 93' lang='lat' dir='ltr'>in</span> <span class='ocrx_word' id='word_1_25' title='bbox 989 421 1112 479; x_wconf 72' lang='lat' dir='ltr'><strong>rebelles</strong></span> <span class='ocrx_word' id='word_1_26' title='bbox 1128 427 1222 479; x_wconf 87' lang='lat' dir='ltr'>ratam</span> <span class='ocrx_word' id='word_1_27' title='bbox 1237 421 1425 489; x_wconf 89' lang='lat' dir='ltr'>habebimus,</span> <span class='ocrx_word' id='word_1_28' title='bbox 1436 427 1465 479; x_wconf 91' lang='lat' dir='ltr'>et</span> <span class='ocrx_word' id='word_1_29' title='bbox 1479 420 1630 495; x_wconf 82' lang='lat' dir='ltr'>faciemus,</span> <span class='ocrx_word' id='word_1_30' title='bbox 1651 429 1771 482; x_wconf 86' lang='lat' dir='ltr'>auctore</span> 
     </span>
     <span class='ocr_line' id='line_1_4' title="bbox 62 509 1453 585; baseline 0.001 -20"><span class='ocrx_word' id='word_1_31' title='bbox 62 511 95 578; x_wconf 88' lang='lat' dir='ltr'>ei,</span> <span class='ocrx_word' id='word_1_32' title='bbox 106 509 310 584; x_wconf 77' lang='lat' dir='ltr'>bulgarorum</span> <span class='ocrx_word' id='word_1_33' title='bbox 322 518 347 567; x_wconf 87' lang='lat' dir='ltr'>et</span> <span class='ocrx_word' id='word_1_34' title='bbox 358 511 511 569; x_wconf 81' lang='lat' dir='ltr'>blacorum</span> <span class='ocrx_word' id='word_1_35' title='bbox 524 511 650 585; x_wconf 91' lang='lat' dir='ltr'>populos</span> <span class='ocrx_word' id='word_1_36' title='bbox 661 512 696 568; x_wconf 89' lang='lat' dir='ltr'>ed</span> <span class='ocrx_word' id='word_1_37' title='bbox 708 512 891 568; x_wconf 89' lang='lat' dir='ltr'>devotionem</span> <span class='ocrx_word' id='word_1_38' title='bbox 943 511 1078 579; x_wconf 86' lang='lat' dir='ltr'>Domino,</span> <span class='ocrx_word' id='word_1_39' title='bbox 1091 511 1276 568; x_wconf 78' lang='lat' dir='ltr'>inviolabiter</span> <span class='ocrx_word' id='word_1_40' title='bbox 1293 511 1453 569; x_wconf 84' lang='lat' dir='ltr'>observari.</span> 
     </span>
    </p>

    <p class='ocr_par' dir='ltr' id='par_1_3' title="bbox 61 600 1422 689">
     <span class='ocr_line' id='line_1_5' title="bbox 61 600 1422 689; baseline 0.001 -33"><span class='ocrx_word' id='word_1_41' title='bbox 61 601 299 658; x_wconf 78' lang='lat' dir='ltr'>ctrevamntiam</span> <span class='ocrx_word' id='word_1_42' title='bbox 310 600 564 674; x_wconf 79' lang='lat' dir='ltr'>sedisapostolicae</span> <span class='ocrx_word' id='word_1_43' title='bbox 578 601 745 671; x_wconf 85' lang='lat' dir='ltr'>redeuntes,</span> <span class='ocrx_word' id='word_1_44' title='bbox 762 601 792 656; x_wconf 93' lang='lat' dir='ltr'>in</span> <span class='ocrx_word' id='word_1_45' title='bbox 802 601 891 672; x_wconf 86' lang='lat' dir='ltr'>epiri·</span> <span class='ocrx_word' id='word_1_46' title='bbox 1291 618 1339 674; x_wconf 75' lang='lat' dir='ltr'>xv</span> <span class='ocrx_word' id='word_1_47' title='bbox 1354 619 1422 689; x_wconf 56' lang='lat'>(75),</span> 
     </span>
    </p>

    <p class='ocr_par' dir='ltr' id='par_1_4' title="bbox 10 688 1768 783">
     <span class='ocr_line' id='line_1_6' title="bbox 10 688 1768 783; baseline 0.003 -22"><span class='ocrx_word' id='word_1_48' title='bbox 10 722 14 733; x_wconf 89' lang='lat'><em>·</em></span> <span class='ocrx_word' id='word_1_49' title='bbox 61 688 196 746; x_wconf 62' lang='grc' dir='ltr'>111111)ΰῦ</span> <span class='ocrx_word' id='word_1_50' title='bbox 212 694 240 745; x_wconf 71' lang='grc' dir='ltr'>θῑ</span> <span class='ocrx_word' id='word_1_51' title='bbox 254 689 470 762; x_wconf 90' lang='lat' dir='ltr'>temporalibus</span> <span class='ocrx_word' id='word_1_52' title='bbox 484 689 673 759; x_wconf 69' lang='lat' dir='ltr'>h⁰⁰⁰²⁸01111152</span> <span class='ocrx_word' id='word_1_53' title='bbox 689 688 890 762; x_wconf 89' lang='lat' dir='ltr'>perdilectnm</span> <span class='ocrx_word' id='word_1_54' title='bbox 940 724 1053 764; x_wconf 79' lang='lat' dir='ltr'>sursum</span> <span class='ocrx_word' id='word_1_55' title='bbox 1069 724 1214 777; x_wconf 78' lang='lat' dir='ltr'>crascone,</span> <span class='ocrx_word' id='word_1_56' title='bbox 1226 724 1304 764; x_wconf 76' lang='lat' dir='ltr'>sn...</span> <span class='ocrx_word' id='word_1_57' title='bbox 1321 725 1423 764; x_wconf 79' lang='lat' dir='ltr'>acuam</span> <span class='ocrx_word' id='word_1_58' title='bbox 1438 724 1533 764; x_wconf 80' lang='lat' dir='ltr'>saucrr</span> <span class='ocrx_word' id='word_1_59' title='bbox 1548 724 1680 765; x_wconf 75' lang='lat' dir='ltr'>curruum</span> <span class='ocrx_word' id='word_1_60' title='bbox 1698 711 1768 783; x_wconf 82' lang='lat'>(76).</span> 
     </span>
    </p>
   </div>
   <div class='ocr_carea' id='block_1_3' title="bbox 10 777 1767 941">
    <p class='ocr_par' dir='ltr' id='par_1_5' title="bbox 10 777 1767 941">
     <span class='ocr_line' id='line_1_7' title="bbox 10 777 1767 924; baseline 0.004 -75"><span class='ocrx_word' id='word_1_61' title='bbox 10 822 14 827; x_wconf 96' lang='lat'>·</span> <span class='ocrx_word' id='word_1_62' title='bbox 61 777 167 849; x_wconf 65' lang='lat' dir='ltr'>fillum,</span> <span class='ocrx_word' id='word_1_63' title='bbox 185 779 219 835; x_wconf 60' lang='grc' dir='ltr'>Β·</span> <span class='ocrx_word' id='word_1_64' title='bbox 237 777 317 835; x_wconf 63' lang='lat' dir='ltr'>milli</span> <span class='ocrx_word' id='word_1_65' title='bbox 336 782 446 835; x_wconf 44' lang='lat'><strong>3³⁰⁰&amp;</strong></span> <span class='ocrx_word' id='word_1_66' title='bbox 462 778 563 835; x_wconf 65' lang='lat' dir='ltr'>Cfflsslfl</span> <span class='ocrx_word' id='word_1_67' title='bbox 575 779 779 851; x_wconf 61' lang='lat' dir='ltr'>Pleflbttsslum</span> <span class='ocrx_word' id='word_1_68' title='bbox 795 778 887 834; x_wconf 56' lang='lat' dir='ltr'>caldi·</span> <span class='ocrx_word' id='word_1_69' title='bbox 942 799 975 854; x_wconf 80' lang='lat' dir='ltr'>ut</span> <span class='ocrx_word' id='word_1_70' title='bbox 985 799 1181 854; x_wconf 79' lang='lat' dir='ltr'>mercatoribus</span> <span class='ocrx_word' id='word_1_71' title='bbox 1200 797 1330 854; x_wconf 76' lang='lat' dir='ltr'>Romania</span> <span class='ocrx_word' id='word_1_72' title='bbox 1344 813 1429 924; x_wconf 60' lang='lat' dir='ltr'>cogier</span> <span class='ocrx_word' id='word_1_73' title='bbox 1444 796 1572 869; x_wconf 83' lang='lat' dir='ltr'>pecunia,</span> <span class='ocrx_word' id='word_1_74' title='bbox 1597 799 1697 866; x_wconf 81' lang='lat' dir='ltr'>ipsias</span> <span class='ocrx_word' id='word_1_75' title='bbox 1714 801 1767 856; x_wconf 83' lang='lat' dir='ltr'>llo·</span> 
     </span>
     <span class='ocr_line' id='line_1_8' title="bbox 59 866 1714 941; baseline 0.002 -19"><span class='ocrx_word' id='word_1_76' title='bbox 59 866 339 940; x_wconf 79' lang='lat' dir='ltr'>nalemapostolics</span> <span class='ocrx_word' id='word_1_77' title='bbox 351 867 429 924; x_wconf 88' lang='lat' dir='ltr'>sedis</span> <span class='ocrx_word' id='word_1_78' title='bbox 439 867 679 941; x_wconf 84' lang='lat' dir='ltr'>legatum,virum</span> <span class='ocrx_word' id='word_1_79' title='bbox 691 867 846 940; x_wconf 86' lang='lat' dir='ltr'>providum</span> <span class='ocrx_word' id='word_1_80' title='bbox 862 870 891 923; x_wconf 89' lang='lat' dir='ltr'>et</span> <span class='ocrx_word' id='word_1_81' title='bbox 993 871 1069 938; x_wconf 80' lang='lat' dir='ltr'>perio</span> <span class='ocrx_word' id='word_1_82' title='bbox 1084 871 1117 926; x_wconf 89' lang='lat' dir='ltr'>de</span> <span class='ocrx_word' id='word_1_83' title='bbox 1130 871 1159 924; x_wconf 83' lang='lat' dir='ltr'>S.</span> <span class='ocrx_word' id='word_1_84' title='bbox 1183 869 1326 925; x_wconf 82' lang='lat' dir='ltr'>Edmando</span> <span class='ocrx_word' id='word_1_85' title='bbox 1341 870 1374 924; x_wconf 88' lang='lat' dir='ltr'>de</span> <span class='ocrx_word' id='word_1_86' title='bbox 1392 870 1442 937; x_wconf 88' lang='lat' dir='ltr'>ito,</span> <span class='ocrx_word' id='word_1_87' title='bbox 1458 868 1592 941; x_wconf 78' lang='lat' dir='ltr'>satisfieri</span> <span class='ocrx_word' id='word_1_88' title='bbox 1606 876 1714 927; x_wconf 84' lang='lat' dir='ltr'>careat.</span> 
     </span>
    </p>
   </div>
   <div class='ocr_carea' id='block_1_4' title="bbox 10 942 1766 1921">
    <p class='ocr_par' dir='ltr' id='par_1_6' title="bbox 10 942 1553 1030">
     <span class='ocr_line' id='line_1_9' title="bbox 10 942 1553 1030; baseline 0 -18"><span class='ocrx_word' id='word_1_89' title='bbox 10 942 12 957; x_wconf 80' lang='lat'>&#39;</span> <span class='ocrx_word' id='word_1_90' title='bbox 58 956 234 1025; x_wconf 90' lang='lat' dir='ltr'>honestum,</span> <span class='ocrx_word' id='word_1_91' title='bbox 250 960 279 1013; x_wconf 92' lang='lat' dir='ltr'>et</span> <span class='ocrx_word' id='word_1_92' title='bbox 294 957 369 1013; x_wconf 89' lang='lat' dir='ltr'>inter</span> <span class='ocrx_word' id='word_1_93' title='bbox 389 962 509 1014; x_wconf 78' lang='lat' dir='ltr'>ceteros</span> <span class='ocrx_word' id='word_1_94' title='bbox 529 958 633 1014; x_wconf 81' lang='lat' dir='ltr'>iratres</span> <span class='ocrx_word' id='word_1_95' title='bbox 649 962 765 1014; x_wconf 88' lang='lat' dir='ltr'>nostros</span> <span class='ocrx_word' id='word_1_96' title='bbox 780 973 888 1030; x_wconf 82' lang='lat' dir='ltr'>praero-</span> <span class='ocrx_word' id='word_1_97' title='bbox 1153 957 1314 1030; x_wconf 73' lang='lat' dir='ltr'>(Anagniae,</span> <span class='ocrx_word' id='word_1_98' title='bbox 1329 975 1358 1014; x_wconf 85' lang='lat' dir='ltr'>vr</span> <span class='ocrx_word' id='word_1_99' title='bbox 1374 958 1447 1015; x_wconf 86' lang='lat' dir='ltr'>Non.</span> <span class='ocrx_word' id='word_1_100' title='bbox 1464 958 1553 1028; x_wconf 85' lang='lat' dir='ltr'>Maii.)</span> 
     </span>
    </p>

    <p class='ocr_par' dir='ltr' id='par_1_7' title="bbox 52 1045 1766 1921">
     <span class='ocr_line' id='line_1_10' title="bbox 57 1045 1766 1119; baseline 0.002 -18"><span class='ocrx_word' id='word_1_101' title='bbox 57 1046 295 1119; x_wconf 84' lang='lat' dir='ltr'>gativaquedam</span> <span class='ocrx_word' id='word_1_102' title='bbox 307 1045 472 1103; x_wconf 75' lang='lat' dir='ltr'>dilectionis</span> <span class='ocrx_word' id='word_1_103' title='bbox 484 1050 646 1119; x_wconf 85' lang='lat' dir='ltr'>acceptum,</span> <span class='ocrx_word' id='word_1_104' title='bbox 657 1046 739 1119; x_wconf 88' lang='lat' dir='ltr'>ipsos</span> <span class='ocrx_word' id='word_1_105' title='bbox 749 1045 888 1102; x_wconf 82' lang='lat' dir='ltr'>duximus</span> <span class='ocrx_word' id='word_1_106' title='bbox 975 1048 1034 1104; x_wconf 80' lang='lat' dir='ltr'>Etsi</span> <span class='ocrx_word' id='word_1_107' title='bbox 1055 1048 1238 1104; x_wconf 87' lang='lat' dir='ltr'>devotionem</span> <span class='ocrx_word' id='word_1_108' title='bbox 1249 1046 1330 1103; x_wconf 92' lang='lat' dir='ltr'>illius</span> <span class='ocrx_word' id='word_1_109' title='bbox 1342 1048 1371 1102; x_wconf 90' lang='lat' dir='ltr'>in</span> <span class='ocrx_word' id='word_1_110' title='bbox 1387 1047 1511 1104; x_wconf 82' lang='lat' dir='ltr'>llomino</span> <span class='ocrx_word' id='word_1_111' title='bbox 1523 1049 1766 1105; x_wconf 73' lang='lat' dir='ltr'>commendemus</span> 
     </span>
     <span class='ocr_line' id='line_1_11' title="bbox 58 1133 1766 1209; baseline 0.001 -19"><span class='ocrx_word' id='word_1_112' title='bbox 58 1134 238 1205; x_wconf 82' lang='lat' dir='ltr'>visitandos,</span> <span class='ocrx_word' id='word_1_113' title='bbox 255 1135 407 1208; x_wconf 87' lang='lat' dir='ltr'>quicosin</span> <span class='ocrx_word' id='word_1_114' title='bbox 418 1133 666 1191; x_wconf 85' lang='lat' dir='ltr'>ddecethelieeet</span> <span class='ocrx_word' id='word_1_115' title='bbox 682 1134 815 1191; x_wconf 81' lang='lat' dir='ltr'>lleclesies</span> <span class='ocrx_word' id='word_1_116' title='bbox 832 1134 888 1190; x_wconf 87' lang='lat' dir='ltr'>llo·</span> <span class='ocrx_word' id='word_1_117' title='bbox 938 1136 989 1209; x_wconf 88' lang='lat' dir='ltr'>qui</span> <span class='ocrx_word' id='word_1_118' title='bbox 1004 1137 1210 1194; x_wconf 88' lang='lat' dir='ltr'>mandatorum</span> <span class='ocrx_word' id='word_1_119' title='bbox 1223 1140 1390 1193; x_wconf 91' lang='lat' dir='ltr'>nostrorum</span> <span class='ocrx_word' id='word_1_120' title='bbox 1401 1140 1447 1192; x_wconf 88' lang='lat' dir='ltr'>est</span> <span class='ocrx_word' id='word_1_121' title='bbox 1461 1136 1766 1209; x_wconf 84' lang='lat' dir='ltr'>diligensexsecutor,</span> 
     </span>
     <span class='ocr_line' id='line_1_12' title="bbox 55 1223 1765 1298; baseline 0.001 -17"><span class='ocrx_word' id='word_1_122' title='bbox 55 1240 153 1281; x_wconf 76' lang='lat' dir='ltr'>manoe</span> <span class='ocrx_word' id='word_1_123' title='bbox 164 1224 320 1283; x_wconf 84' lang='lat' dir='ltr'>devotione</span> <span class='ocrx_word' id='word_1_124' title='bbox 330 1224 450 1282; x_wconf 87' lang='lat' dir='ltr'>studeat</span> <span class='ocrx_word' id='word_1_125' title='bbox 465 1225 651 1281; x_wconf 85' lang='lat' dir='ltr'>confirmare.</span> <span class='ocrx_word' id='word_1_126' title='bbox 663 1223 703 1281; x_wconf 80' lang='lat' dir='ltr'>Ne</span> <span class='ocrx_word' id='word_1_127' title='bbox 713 1229 811 1279; x_wconf 87' lang='lat' dir='ltr'>autem</span> <span class='ocrx_word' id='word_1_128' title='bbox 824 1223 886 1296; x_wconf 90' lang='lat' dir='ltr'>pri·</span> <span class='ocrx_word' id='word_1_129' title='bbox 937 1226 1117 1298; x_wconf 61' lang='lat' dir='ltr'>quia2taman</span> <span class='ocrx_word' id='word_1_130' title='bbox 1129 1225 1301 1283; x_wconf 89' lang='lat' dir='ltr'>intentionis</span> <span class='ocrx_word' id='word_1_131' title='bbox 1312 1230 1418 1282; x_wconf 79' lang='lat' dir='ltr'>nostre</span> <span class='ocrx_word' id='word_1_132' title='bbox 1430 1230 1544 1281; x_wconf 88' lang='lat' dir='ltr'>nonest</span> <span class='ocrx_word' id='word_1_133' title='bbox 1559 1226 1670 1297; x_wconf 89' lang='lat' dir='ltr'>injusta</span> <span class='ocrx_word' id='word_1_134' title='bbox 1680 1242 1765 1283; x_wconf 89' lang='lat' dir='ltr'>mau-</span> 
     </span>
     <span class='ocr_line' id='line_1_13' title="bbox 55 1312 1764 1385; baseline 0.001 -16"><span class='ocrx_word' id='word_1_135' title='bbox 55 1312 212 1385; x_wconf 86' lang='lat' dir='ltr'>mogenito</span> <span class='ocrx_word' id='word_1_136' title='bbox 234 1313 406 1370; x_wconf 85' lang='lat' dir='ltr'>scandalum</span> <span class='ocrx_word' id='word_1_137' title='bbox 424 1312 530 1385; x_wconf 86' lang='lat' dir='ltr'>pariat,</span> <span class='ocrx_word' id='word_1_138' title='bbox 546 1316 575 1369; x_wconf 93' lang='lat' dir='ltr'>et</span> <span class='ocrx_word' id='word_1_139' title='bbox 590 1312 637 1369; x_wconf 89' lang='lat' dir='ltr'>his</span> <span class='ocrx_word' id='word_1_140' title='bbox 660 1312 712 1385; x_wconf 88' lang='lat' dir='ltr'>qui</span> <span class='ocrx_word' id='word_1_141' title='bbox 731 1313 885 1368; x_wconf 90' lang='lat' dir='ltr'>nobiscum</span> <span class='ocrx_word' id='word_1_142' title='bbox 937 1313 1764 1385; x_wconf 77' lang='lat' dir='ltr'>dare,neindenascanturinjurireundejuranaseuntur,</span> 
     </span>
     <span class='ocr_line' id='line_1_14' title="bbox 52 1401 1765 1476; baseline 0.002 -18"><span class='ocrx_word' id='word_1_143' title='bbox 52 1407 125 1459; x_wconf 85' lang='lat' dir='ltr'>sunt</span> <span class='ocrx_word' id='word_1_144' title='bbox 142 1418 264 1475; x_wconf 86' lang='lat' dir='ltr'>semper</span> <span class='ocrx_word' id='word_1_145' title='bbox 278 1403 438 1475; x_wconf 91' lang='lat' dir='ltr'>quamdam</span> <span class='ocrx_word' id='word_1_146' title='bbox 454 1402 536 1459; x_wconf 84' lang='lat' dir='ltr'>velut</span> <span class='ocrx_word' id='word_1_147' title='bbox 555 1401 694 1457; x_wconf 83' lang='lat' dir='ltr'>invidiam</span> <span class='ocrx_word' id='word_1_148' title='bbox 720 1406 845 1472; x_wconf 88' lang='lat' dir='ltr'>moveat,</span> <span class='ocrx_word' id='word_1_149' title='bbox 861 1401 885 1458; x_wconf 89' lang='lat' dir='ltr'>si</span> <span class='ocrx_word' id='word_1_150' title='bbox 937 1403 1038 1459; x_wconf 90' lang='lat' dir='ltr'>mirari</span> <span class='ocrx_word' id='word_1_151' title='bbox 1055 1404 1190 1476; x_wconf 80' lang='lat' dir='ltr'>cogimur</span> <span class='ocrx_word' id='word_1_152' title='bbox 1203 1409 1232 1459; x_wconf 91' lang='lat' dir='ltr'>et</span> <span class='ocrx_word' id='word_1_153' title='bbox 1245 1403 1365 1471; x_wconf 83' lang='lat' dir='ltr'>moveri,</span> <span class='ocrx_word' id='word_1_154' title='bbox 1376 1403 1400 1459; x_wconf 89' lang='lat' dir='ltr'>si</span> <span class='ocrx_word' id='word_1_155' title='bbox 1412 1405 1530 1475; x_wconf 90' lang='lat' dir='ltr'>quando</span> <span class='ocrx_word' id='word_1_156' title='bbox 1543 1405 1614 1460; x_wconf 85' lang='lat' dir='ltr'>torte</span> <span class='ocrx_word' id='word_1_157' title='bbox 1625 1404 1765 1461; x_wconf 86' lang='lat' dir='ltr'>mandata</span> 
     </span>
     <span class='ocr_line' id='line_1_15' title="bbox 53 1490 1766 1565; baseline 0 -16"><span class='ocrx_word' id='word_1_158' title='bbox 53 1491 213 1549; x_wconf 88' lang='lat' dir='ltr'>ecelesiam</span> <span class='ocrx_word' id='word_1_159' title='bbox 227 1491 308 1548; x_wconf 91' lang='lat' dir='ltr'>illam</span> <span class='ocrx_word' id='word_1_160' title='bbox 324 1507 391 1548; x_wconf 93' lang='lat' dir='ltr'>cum</span> <span class='ocrx_word' id='word_1_161' title='bbox 407 1491 599 1564; x_wconf 86' lang='lat' dir='ltr'>primogenito</span> <span class='ocrx_word' id='word_1_162' title='bbox 615 1491 651 1547; x_wconf 89' lang='lat' dir='ltr'>ad</span> <span class='ocrx_word' id='word_1_163' title='bbox 667 1490 772 1548; x_wconf 90' lang='lat' dir='ltr'>metris</span> <span class='ocrx_word' id='word_1_164' title='bbox 796 1492 885 1547; x_wconf 89' lang='lat' dir='ltr'>ubera</span> <span class='ocrx_word' id='word_1_165' title='bbox 936 1492 1330 1565; x_wconf 88' lang='lat' dir='ltr'>persubreptionemanobis</span> <span class='ocrx_word' id='word_1_166' title='bbox 1340 1491 1662 1549; x_wconf 77' lang='lat' dir='ltr'>fraudulenterextorta</span> <span class='ocrx_word' id='word_1_167' title='bbox 1672 1493 1766 1550; x_wconf 89' lang='lat' dir='ltr'>scien·</span> 
     </span>
     <span class='ocr_line' id='line_1_16' title="bbox 54 1579 1763 1654; baseline 0.001 -17"><span class='ocrx_word' id='word_1_168' title='bbox 54 1582 231 1637; x_wconf 85' lang='lat' dir='ltr'>redeuntem</span> <span class='ocrx_word' id='word_1_169' title='bbox 247 1579 346 1637; x_wconf 84' lang='lat' dir='ltr'>taliter</span> <span class='ocrx_word' id='word_1_170' title='bbox 360 1580 552 1649; x_wconf 80' lang='lat' dir='ltr'>honoremus,</span> <span class='ocrx_word' id='word_1_171' title='bbox 576 1580 741 1636; x_wconf 90' lang='lat' dir='ltr'>occidentes</span> <span class='ocrx_word' id='word_1_172' title='bbox 765 1580 794 1635; x_wconf 89' lang='lat' dir='ltr'>in</span> <span class='ocrx_word' id='word_1_173' title='bbox 819 1581 885 1651; x_wconf 85' lang='lat' dir='ltr'>ejus</span> <span class='ocrx_word' id='word_1_174' title='bbox 935 1581 1340 1649; x_wconf 81' lang='lat' dir='ltr'>terensecutionidemandet,</span> <span class='ocrx_word' id='word_1_175' title='bbox 1352 1597 1419 1636; x_wconf 92' lang='lat' dir='ltr'>cum</span> <span class='ocrx_word' id='word_1_176' title='bbox 1434 1581 1605 1637; x_wconf 89' lang='lat' dir='ltr'>nondebeat</span> <span class='ocrx_word' id='word_1_177' title='bbox 1616 1581 1763 1654; x_wconf 87' lang='lat' dir='ltr'>ignorare,</span> 
     </span>
     <span class='ocr_line' id='line_1_17' title="bbox 54 1667 1762 1757; baseline 0 -30"><span class='ocrx_word' id='word_1_178' title='bbox 54 1670 154 1727; x_wconf 89' lang='lat' dir='ltr'>reditu</span> <span class='ocrx_word' id='word_1_179' title='bbox 168 1667 296 1726; x_wconf 86' lang='lat' dir='ltr'>vitulum</span> <span class='ocrx_word' id='word_1_180' title='bbox 318 1669 498 1742; x_wconf 83' lang='lat' dir='ltr'>saginatum,</span> <span class='ocrx_word' id='word_1_181' title='bbox 523 1669 549 1726; x_wconf 91' lang='lat' dir='ltr'>ei</span> <span class='ocrx_word' id='word_1_182' title='bbox 572 1674 669 1725; x_wconf 88' lang='lat' dir='ltr'>autem</span> <span class='ocrx_word' id='word_1_183' title='bbox 695 1685 748 1725; x_wconf 93' lang='lat' dir='ltr'>nec</span> <span class='ocrx_word' id='word_1_184' title='bbox 768 1669 884 1726; x_wconf 81' lang='lat' dir='ltr'>hrodum</span> <span class='ocrx_word' id='word_1_185' title='bbox 899 1691 923 1757; x_wconf 74' lang='grc' dir='ltr'>Β</span> <span class='ocrx_word' id='word_1_186' title='bbox 936 1671 1025 1741; x_wconf 87' lang='lat' dir='ltr'>qued,</span> <span class='ocrx_word' id='word_1_187' title='bbox 1038 1671 1201 1727; x_wconf 88' lang='lat' dir='ltr'>seeundum</span> <span class='ocrx_word' id='word_1_188' title='bbox 1219 1671 1374 1727; x_wconf 88' lang='lat' dir='ltr'>canonicas</span> <span class='ocrx_word' id='word_1_189' title='bbox 1384 1674 1413 1726; x_wconf 92' lang='lat' dir='ltr'>et</span> <span class='ocrx_word' id='word_1_190' title='bbox 1424 1669 1571 1743; x_wconf 87' lang='lat' dir='ltr'>legitimas</span> <span class='ocrx_word' id='word_1_191' title='bbox 1592 1669 1762 1727; x_wconf 90' lang='lat' dir='ltr'>sanctiones</span> 
     </span>
     <span class='ocr_line' id='line_1_18' title="bbox 54 1757 1763 1832; baseline 0 -18"><span class='ocrx_word' id='word_1_192' title='bbox 54 1759 145 1816; x_wconf 86' lang='lat' dir='ltr'>stiam</span> <span class='ocrx_word' id='word_1_193' title='bbox 168 1774 257 1831; x_wconf 90' lang='lat' dir='ltr'>quem</span> <span class='ocrx_word' id='word_1_194' title='bbox 279 1774 347 1815; x_wconf 88' lang='lat' dir='ltr'>eum</span> <span class='ocrx_word' id='word_1_195' title='bbox 363 1757 466 1815; x_wconf 89' lang='lat' dir='ltr'>amicis</span> <span class='ocrx_word' id='word_1_196' title='bbox 482 1758 544 1815; x_wconf 88' lang='lat' dir='ltr'>suis</span> <span class='ocrx_word' id='word_1_197' title='bbox 560 1758 883 1829; x_wconf 89' lang='lat' dir='ltr'>comedattribuamus,</span> <span class='ocrx_word' id='word_1_198' title='bbox 938 1763 1065 1827; x_wconf 87' lang='lat' dir='ltr'>nostras,</span> <span class='ocrx_word' id='word_1_199' title='bbox 1082 1759 1207 1815; x_wconf 84' lang='lat' dir='ltr'>mendax</span> <span class='ocrx_word' id='word_1_200' title='bbox 1220 1764 1355 1831; x_wconf 87' lang='lat' dir='ltr'>precator</span> <span class='ocrx_word' id='word_1_201' title='bbox 1369 1773 1467 1817; x_wconf 87' lang='lat' dir='ltr'>carere</span> <span class='ocrx_word' id='word_1_202' title='bbox 1479 1758 1566 1814; x_wconf 88' lang='lat' dir='ltr'>debet</span> <span class='ocrx_word' id='word_1_203' title='bbox 1576 1758 1696 1832; x_wconf 92' lang='lat' dir='ltr'>penitus</span> <span class='ocrx_word' id='word_1_204' title='bbox 1707 1759 1763 1814; x_wconf 92' lang='lat' dir='ltr'>im-</span> 
     </span>
     <span class='ocr_line' id='line_1_19' title="bbox 53 1824 1762 1921; baseline -0.001 -17"><span class='ocrx_word' id='word_1_205' title='bbox 53 1848 101 1905; x_wconf 86' lang='lat' dir='ltr'>sed</span> <span class='ocrx_word' id='word_1_206' title='bbox 117 1846 188 1921; x_wconf 88' lang='lat' dir='ltr'>ipse</span> <span class='ocrx_word' id='word_1_207' title='bbox 199 1847 336 1920; x_wconf 88' lang='lat' dir='ltr'>gaudeat,</span> <span class='ocrx_word' id='word_1_208' title='bbox 347 1852 377 1905; x_wconf 97' lang='lat' dir='ltr'>et</span> <span class='ocrx_word' id='word_1_209' title='bbox 387 1847 495 1920; x_wconf 88' lang='lat' dir='ltr'>paritor</span> <span class='ocrx_word' id='word_1_210' title='bbox 503 1846 648 1921; x_wconf 76' lang='lat' dir='ltr'>epuletur,</span> <span class='ocrx_word' id='word_1_211' title='bbox 660 1849 800 1919; x_wconf 91' lang='lat' dir='ltr'>quoniam</span> <span class='ocrx_word' id='word_1_212' title='bbox 811 1865 882 1921; x_wconf 91' lang='lat' dir='ltr'>epu·</span> <span class='ocrx_word' id='word_1_213' title='bbox 936 1848 1070 1921; x_wconf 85' lang='lat' dir='ltr'>patratis,</span> <span class='ocrx_word' id='word_1_214' title='bbox 1081 1849 1149 1920; x_wconf 88' lang='lat' dir='ltr'>quia</span> <span class='ocrx_word' id='word_1_215' title='bbox 1160 1847 1290 1905; x_wconf 85' lang='lat' dir='ltr'>irausvel</span> <span class='ocrx_word' id='word_1_216' title='bbox 1306 1846 1393 1904; x_wconf 91' lang='lat' dir='ltr'>dolus</span> <span class='ocrx_word' id='word_1_217' title='bbox 1408 1846 1496 1903; x_wconf 91' lang='lat' dir='ltr'>alicui</span> <span class='ocrx_word' id='word_1_218' title='bbox 1511 1846 1688 1918; x_wconf 77' lang='lat' dir='ltr'>patrocinari</span> <span class='ocrx_word' id='word_1_219' title='bbox 1704 1824 1762 1903; x_wconf 77' lang='lat' dir='ltr'>nod</span> 
     </span>
    </p>
   </div>
   <div class='ocr_carea' id='block_1_5' title="bbox 52 1935 1868 2010">
    <p class='ocr_par' dir='ltr' id='par_1_8' title="bbox 52 1935 1868 2010">
     <span class='ocr_line' id='line_1_20' title="bbox 52 1935 1868 2010; baseline 0.001 -19"><span class='ocrx_word' id='word_1_220' title='bbox 52 1935 104 1993; x_wconf 86' lang='lat' dir='ltr'>lari</span> <span class='ocrx_word' id='word_1_221' title='bbox 121 1952 195 1993; x_wconf 90' lang='lat' dir='ltr'>eum</span> <span class='ocrx_word' id='word_1_222' title='bbox 208 1936 354 2003; x_wconf 87' lang='lat' dir='ltr'>convenit,</span> <span class='ocrx_word' id='word_1_223' title='bbox 370 1940 400 1993; x_wconf 91' lang='lat' dir='ltr'>et</span> <span class='ocrx_word' id='word_1_224' title='bbox 413 1936 553 2008; x_wconf 86' lang='lat' dir='ltr'>gaudere,</span> <span class='ocrx_word' id='word_1_225' title='bbox 565 1936 636 2008; x_wconf 91' lang='lat' dir='ltr'>quia</span> <span class='ocrx_word' id='word_1_226' title='bbox 653 1937 742 1992; x_wconf 84' lang='lat' dir='ltr'>irater</span> <span class='ocrx_word' id='word_1_227' title='bbox 756 1935 882 2009; x_wconf 82' lang='lat' dir='ltr'>ejusqui</span> <span class='ocrx_word' id='word_1_228' title='bbox 936 1936 1210 2008; x_wconf 80' lang='lat' dir='ltr'>debet,etJuranon</span> <span class='ocrx_word' id='word_1_229' title='bbox 1221 1937 1428 2010; x_wconf 89' lang='lat' dir='ltr'>deceptoribus</span> <span class='ocrx_word' id='word_1_230' title='bbox 1439 1935 1628 2007; x_wconf 84' lang='lat' dir='ltr'>subveniunt,</span> <span class='ocrx_word' id='word_1_231' title='bbox 1645 1936 1696 1992; x_wconf 89' lang='lat' dir='ltr'>sed</span> <span class='ocrx_word' id='word_1_232' title='bbox 1712 1936 1761 1993; x_wconf 90' lang='lat' dir='ltr'>de·</span> <span class='ocrx_word' id='word_1_233' title='bbox 1863 1999 1868 2009; x_wconf 53' lang='grc'><strong>,</strong></span> 
     </span>
    </p>
   </div>
   <div class='ocr_carea' id='block_1_6' title="bbox 51 2023 1766 2365">
    <p class='ocr_par' dir='ltr' id='par_1_9' title="bbox 51 2023 1766 2365">
     <span class='ocr_line' id='line_1_21' title="bbox 52 2023 1763 2099; baseline 0.001 -19"><span class='ocrx_word' id='word_1_234' title='bbox 52 2030 191 2083; x_wconf 85' lang='lat' dir='ltr'>mortuus</span> <span class='ocrx_word' id='word_1_235' title='bbox 208 2024 303 2081; x_wconf 85' lang='lat' dir='ltr'>iuerat</span> <span class='ocrx_word' id='word_1_236' title='bbox 313 2024 377 2096; x_wconf 89' lang='lat' dir='ltr'>jam</span> <span class='ocrx_word' id='word_1_237' title='bbox 393 2024 505 2095; x_wconf 81' lang='lat' dir='ltr'>revixit,</span> <span class='ocrx_word' id='word_1_238' title='bbox 522 2029 551 2081; x_wconf 93' lang='lat' dir='ltr'>et</span> <span class='ocrx_word' id='word_1_239' title='bbox 566 2025 617 2096; x_wconf 88' lang='lat' dir='ltr'>qui</span> <span class='ocrx_word' id='word_1_240' title='bbox 636 2026 763 2096; x_wconf 90' lang='lat' dir='ltr'>perierat</span> <span class='ocrx_word' id='word_1_241' title='bbox 777 2029 822 2081; x_wconf 91' lang='lat' dir='ltr'>est</span> <span class='ocrx_word' id='word_1_242' title='bbox 837 2026 882 2081; x_wconf 92' lang='lat' dir='ltr'>in·</span> <span class='ocrx_word' id='word_1_243' title='bbox 936 2026 1038 2099; x_wconf 87' lang='lat' dir='ltr'>ceptis.</span> <span class='ocrx_word' id='word_1_244' title='bbox 1053 2026 1176 2082; x_wconf 75' lang='lat' dir='ltr'>Gravem</span> <span class='ocrx_word' id='word_1_245' title='bbox 1196 2025 1294 2097; x_wconf 88' lang='lat' dir='ltr'>itaque</span> <span class='ocrx_word' id='word_1_246' title='bbox 1304 2025 1388 2082; x_wconf 78' lang='lat' dir='ltr'>rachis</span> <span class='ocrx_word' id='word_1_247' title='bbox 1399 2023 1495 2081; x_wconf 89' lang='lat' dir='ltr'>dilecti</span> <span class='ocrx_word' id='word_1_248' title='bbox 1509 2023 1573 2093; x_wconf 85' lang='lat' dir='ltr'>filii,</span> <span class='ocrx_word' id='word_1_249' title='bbox 1584 2024 1712 2081; x_wconf 89' lang='lat' dir='ltr'>Jacobus</span> <span class='ocrx_word' id='word_1_250' title='bbox 1728 2025 1763 2081; x_wconf 92' lang='lat' dir='ltr'>de</span> 
     </span>
     <span class='ocr_line' id='line_1_22' title="bbox 51 2112 1764 2186; baseline 0 -15"><span class='ocrx_word' id='word_1_251' title='bbox 51 2118 176 2183; x_wconf 72' lang='lat' dir='ltr'>ventus,</span> <span class='ocrx_word' id='word_1_252' title='bbox 193 2113 289 2170; x_wconf 90' lang='lat' dir='ltr'>eidem</span> <span class='ocrx_word' id='word_1_253' title='bbox 308 2112 404 2186; x_wconf 88' lang='lat' dir='ltr'>legato</span> <span class='ocrx_word' id='word_1_254' title='bbox 421 2112 537 2185; x_wconf 91' lang='lat' dir='ltr'>plenam</span> <span class='ocrx_word' id='word_1_255' title='bbox 550 2114 746 2171; x_wconf 87' lang='lat' dir='ltr'>concessimus</span> <span class='ocrx_word' id='word_1_256' title='bbox 758 2113 881 2171; x_wconf 88' lang='lat' dir='ltr'>laeulte·</span> <span class='ocrx_word' id='word_1_257' title='bbox 934 2117 1026 2181; x_wconf 87' lang='lat' dir='ltr'>lusto,</span> <span class='ocrx_word' id='word_1_258' title='bbox 1051 2119 1080 2171; x_wconf 84' lang='lat' dir='ltr'>S.</span> <span class='ocrx_word' id='word_1_259' title='bbox 1097 2114 1224 2170; x_wconf 85' lang='lat' dir='ltr'>Bobenia</span> <span class='ocrx_word' id='word_1_260' title='bbox 1237 2115 1273 2170; x_wconf 93' lang='lat' dir='ltr'>de</span> <span class='ocrx_word' id='word_1_261' title='bbox 1287 2114 1427 2180; x_wconf 80' lang='lat' dir='ltr'>Maximo,</span> <span class='ocrx_word' id='word_1_262' title='bbox 1444 2118 1482 2170; x_wconf 86' lang='lat' dir='ltr'>M.</span> <span class='ocrx_word' id='word_1_263' title='bbox 1498 2113 1642 2170; x_wconf 83' lang='lat' dir='ltr'>(luidonis</span> <span class='ocrx_word' id='word_1_264' title='bbox 1654 2115 1764 2171; x_wconf 82' lang='lat' dir='ltr'>uarro·</span> 
     </span>
     <span class='ocr_line' id='line_1_23' title="bbox 55 2201 1763 2276; baseline -0.002 -15"><span class='ocrx_word' id='word_1_265' title='bbox 55 2203 216 2275; x_wconf 86' lang='lat' dir='ltr'>tem,utin</span> <span class='ocrx_word' id='word_1_266' title='bbox 228 2201 384 2274; x_wconf 89' lang='lat' dir='ltr'>provinciis</span> <span class='ocrx_word' id='word_1_267' title='bbox 405 2218 456 2275; x_wconf 87' lang='lat' dir='ltr'>per</span> <span class='ocrx_word' id='word_1_268' title='bbox 471 2219 545 2275; x_wconf 88' lang='lat' dir='ltr'>ques</span> <span class='ocrx_word' id='word_1_269' title='bbox 564 2203 681 2271; x_wconf 88' lang='lat' dir='ltr'>transit,</span> <span class='ocrx_word' id='word_1_270' title='bbox 696 2220 801 2260; x_wconf 87' lang='lat' dir='ltr'>causas</span> <span class='ocrx_word' id='word_1_271' title='bbox 816 2220 881 2276; x_wconf 80' lang='lat' dir='ltr'>qua</span> <span class='ocrx_word' id='word_1_272' title='bbox 935 2204 993 2275; x_wconf 91' lang='lat' dir='ltr'>nis,</span> <span class='ocrx_word' id='word_1_273' title='bbox 1008 2208 1038 2259; x_wconf 88' lang='lat' dir='ltr'>S.</span> <span class='ocrx_word' id='word_1_274' title='bbox 1053 2203 1176 2261; x_wconf 77' lang='lat' dir='ltr'>loannis</span> <span class='ocrx_word' id='word_1_275' title='bbox 1191 2202 1391 2270; x_wconf 85' lang='lat' dir='ltr'>Pantaleonis,</span> <span class='ocrx_word' id='word_1_276' title='bbox 1420 2206 1448 2258; x_wconf 89' lang='lat' dir='ltr'>et</span> <span class='ocrx_word' id='word_1_277' title='bbox 1479 2203 1527 2258; x_wconf 88' lang='lat' dir='ltr'>lle.</span> <span class='ocrx_word' id='word_1_278' title='bbox 1553 2202 1642 2258; x_wconf 82' lang='lat' dir='ltr'>irater</span> <span class='ocrx_word' id='word_1_279' title='bbox 1657 2202 1763 2273; x_wconf 86' lang='lat' dir='ltr'>ipsius,</span> 
     </span>
     <span class='ocr_line' id='line_1_24' title="bbox 53 2290 1766 2365; baseline -0.001 -16"><span class='ocrx_word' id='word_1_280' title='bbox 53 2294 87 2349; x_wconf 85' lang='lat' dir='ltr'>ad</span> <span class='ocrx_word' id='word_1_281' title='bbox 103 2293 176 2364; x_wconf 84' lang='lat' dir='ltr'>ejus</span> <span class='ocrx_word' id='word_1_282' title='bbox 191 2290 373 2348; x_wconf 89' lang='lat' dir='ltr'>audientiam</span> <span class='ocrx_word' id='word_1_283' title='bbox 390 2292 584 2364; x_wconf 76' lang='lat' dir='ltr'>perferentur,</span> <span class='ocrx_word' id='word_1_284' title='bbox 600 2293 701 2349; x_wconf 91' lang='lat' dir='ltr'>audiat</span> <span class='ocrx_word' id='word_1_285' title='bbox 715 2297 744 2349; x_wconf 92' lang='lat' dir='ltr'>et</span> <span class='ocrx_word' id='word_1_286' title='bbox 755 2293 880 2362; x_wconf 89' lang='lat' dir='ltr'>decidat,</span> <span class='ocrx_word' id='word_1_287' title='bbox 935 2293 964 2348; x_wconf 83' lang='lat' dir='ltr'>S.</span> <span class='ocrx_word' id='word_1_288' title='bbox 981 2291 1182 2365; x_wconf 76' lang='lat' dir='ltr'>capharellus,</span> <span class='ocrx_word' id='word_1_289' title='bbox 1197 2291 1281 2348; x_wconf 89' lang='lat' dir='ltr'>Nich.</span> <span class='ocrx_word' id='word_1_290' title='bbox 1303 2290 1479 2348; x_wconf 81' lang='lat' dir='ltr'>Octavianus</span> <span class='ocrx_word' id='word_1_291' title='bbox 1491 2290 1725 2361; x_wconf 74' lang='lat' dir='ltr'>baustegardet,</span> <span class='ocrx_word' id='word_1_292' title='bbox 1736 2294 1766 2347; x_wconf 92' lang='lat' dir='ltr'>et</span> 
     </span>
    </p>
   </div>
   <div class='ocr_carea' id='block_1_7' title="bbox 50 2378 881 2898">
    <p class='ocr_par' dir='ltr' id='par_1_10' title="bbox 50 2378 881 2898">
     <span class='ocr_line' id='line_1_25' title="bbox 51 2378 879 2454; baseline -0.001 -17"><span class='ocrx_word' id='word_1_293' title='bbox 51 2379 231 2454; x_wconf 83' lang='lat' dir='ltr'>ripotnerit,</span> <span class='ocrx_word' id='word_1_294' title='bbox 246 2380 292 2435; x_wconf 86' lang='lat' dir='ltr'>vel</span> <span class='ocrx_word' id='word_1_295' title='bbox 308 2378 432 2452; x_wconf 88' lang='lat' dir='ltr'>deleget,</span> <span class='ocrx_word' id='word_1_296' title='bbox 457 2384 605 2453; x_wconf 87' lang='lat' dir='ltr'>metatque</span> <span class='ocrx_word' id='word_1_297' title='bbox 629 2381 658 2436; x_wconf 93' lang='lat' dir='ltr'>in</span> <span class='ocrx_word' id='word_1_298' title='bbox 683 2396 784 2436; x_wconf 90' lang='lat' dir='ltr'>earum</span> <span class='ocrx_word' id='word_1_299' title='bbox 800 2381 879 2436; x_wconf 88' lang='lat' dir='ltr'>deci·</span> 
     </span>
     <span class='ocr_line' id='line_1_26' title="bbox 52 2467 881 2541; baseline -0.001 -15"><span class='ocrx_word' id='word_1_300' title='bbox 52 2470 136 2526; x_wconf 79' lang='lat' dir='ltr'>sione</span> <span class='ocrx_word' id='word_1_301' title='bbox 147 2473 177 2525; x_wconf 90' lang='lat' dir='ltr'>et</span> <span class='ocrx_word' id='word_1_302' title='bbox 190 2467 374 2541; x_wconf 76' lang='lat' dir='ltr'>delegatione</span> <span class='ocrx_word' id='word_1_303' title='bbox 385 2467 505 2541; x_wconf 89' lang='lat' dir='ltr'>deipsis</span> <span class='ocrx_word' id='word_1_304' title='bbox 517 2469 780 2532; x_wconf 83' lang='lat' dir='ltr'>omniaseandale:</span> <span class='ocrx_word' id='word_1_305' title='bbox 794 2474 821 2525; x_wconf 93' lang='lat' dir='ltr'>et</span> <span class='ocrx_word' id='word_1_306' title='bbox 837 2484 881 2525; x_wconf 87' lang='lat' dir='ltr'>se-</span> 
     </span>
     <span class='ocr_line' id='line_1_27' title="bbox 52 2557 878 2631; baseline -0.001 -16"><span class='ocrx_word' id='word_1_307' title='bbox 52 2559 174 2615; x_wconf 87' lang='lat' dir='ltr'>minans</span> <span class='ocrx_word' id='word_1_308' title='bbox 192 2557 382 2629; x_wconf 89' lang='lat' dir='ltr'>semenpeeis</span> <span class='ocrx_word' id='word_1_309' title='bbox 390 2561 607 2615; x_wconf 84' lang='lat' dir='ltr'>cuntroversias</span> <span class='ocrx_word' id='word_1_310' title='bbox 618 2559 734 2615; x_wconf 90' lang='lat' dir='ltr'>studeat</span> <span class='ocrx_word' id='word_1_311' title='bbox 744 2558 878 2631; x_wconf 88' lang='lat' dir='ltr'>sepelire,</span> 
     </span>
     <span class='ocr_line' id='line_1_28' title="bbox 52 2645 876 2720; baseline 0 -16"><span class='ocrx_word' id='word_1_312' title='bbox 52 2654 77 2704; x_wconf 88' lang='lat' dir='ltr'>ct</span> <span class='ocrx_word' id='word_1_313' title='bbox 91 2647 146 2703; x_wconf 75' lang='lat' dir='ltr'>uae</span> <span class='ocrx_word' id='word_1_314' title='bbox 162 2646 237 2703; x_wconf 94' lang='lat' dir='ltr'>odor</span> <span class='ocrx_word' id='word_1_315' title='bbox 246 2646 347 2702; x_wconf 80' lang='lat' dir='ltr'>vilain</span> <span class='ocrx_word' id='word_1_316' title='bbox 358 2645 446 2702; x_wconf 85' lang='lat' dir='ltr'>vitam</span> <span class='ocrx_word' id='word_1_317' title='bbox 459 2647 598 2704; x_wconf 87' lang='lat' dir='ltr'>omnibus</span> <span class='ocrx_word' id='word_1_318' title='bbox 609 2664 661 2720; x_wconf 91' lang='lat' dir='ltr'>per</span> <span class='ocrx_word' id='word_1_319' title='bbox 675 2664 749 2720; x_wconf 89' lang='lat' dir='ltr'>quos</span> <span class='ocrx_word' id='word_1_320' title='bbox 760 2648 876 2704; x_wconf 81' lang='lat' dir='ltr'>transit.</span> 
     </span>
     <span class='ocr_line' id='line_1_29' title="bbox 51 2734 878 2809; baseline 0.001 -16"><span class='ocrx_word' id='word_1_321' title='bbox 51 2736 209 2793; x_wconf 88' lang='lat' dir='ltr'>llonemus</span> <span class='ocrx_word' id='word_1_322' title='bbox 223 2734 314 2809; x_wconf 90' lang='lat' dir='ltr'>igitur</span> <span class='ocrx_word' id='word_1_323' title='bbox 325 2735 543 2792; x_wconf 83' lang='lat' dir='ltr'>universitatem</span> <span class='ocrx_word' id='word_1_324' title='bbox 558 2742 685 2793; x_wconf 87' lang='lat' dir='ltr'>vestram</span> <span class='ocrx_word' id='word_1_325' title='bbox 702 2742 730 2793; x_wconf 89' lang='lat' dir='ltr'>et</span> <span class='ocrx_word' id='word_1_326' title='bbox 743 2736 878 2794; x_wconf 76' lang='lat' dir='ltr'>exhorte-</span> 
     </span>
     <span class='ocr_line' id='line_1_30' title="bbox 50 2824 878 2898; baseline 0.001 -17"><span class='ocrx_word' id='word_1_327' title='bbox 50 2841 116 2882; x_wconf 87' lang='lat' dir='ltr'>mur</span> <span class='ocrx_word' id='word_1_328' title='bbox 126 2824 286 2891; x_wconf 84' lang='lat' dir='ltr'>attentius,</span> <span class='ocrx_word' id='word_1_329' title='bbox 301 2829 330 2882; x_wconf 90' lang='lat' dir='ltr'>et</span> <span class='ocrx_word' id='word_1_330' title='bbox 346 2840 397 2897; x_wconf 89' lang='lat' dir='ltr'>per</span> <span class='ocrx_word' id='word_1_331' title='bbox 411 2825 664 2896; x_wconf 86' lang='lat' dir='ltr'>apostolicavobis</span> <span class='ocrx_word' id='word_1_332' title='bbox 680 2826 787 2898; x_wconf 87' lang='lat' dir='ltr'>scripta</span> <span class='ocrx_word' id='word_1_333' title='bbox 799 2842 878 2882; x_wconf 90' lang='lat' dir='ltr'>man·</span> 
     </span>
    </p>
   </div>
   <div class='ocr_carea' id='block_1_8' title="bbox 932 2379 1761 2899">
    <p class='ocr_par' dir='ltr' id='par_1_11' title="bbox 932 2379 1761 2899">
     <span class='ocr_line' id='line_1_31' title="bbox 936 2379 1761 2452; baseline -0.004 -14"><span class='ocrx_word' id='word_1_334' title='bbox 936 2382 964 2438; x_wconf 87' lang='lat' dir='ltr'>L.</span> <span class='ocrx_word' id='word_1_335' title='bbox 980 2381 1140 2450; x_wconf 84' lang='lat' dir='ltr'>Pizulinus,</span> <span class='ocrx_word' id='word_1_336' title='bbox 1153 2384 1331 2437; x_wconf 88' lang='lat' dir='ltr'>mercatores</span> <span class='ocrx_word' id='word_1_337' title='bbox 1347 2379 1484 2447; x_wconf 85' lang='lat' dir='ltr'>Romani,</span> <span class='ocrx_word' id='word_1_338' title='bbox 1496 2395 1675 2451; x_wconf 90' lang='lat' dir='ltr'>proposuero</span> <span class='ocrx_word' id='word_1_339' title='bbox 1690 2395 1761 2452; x_wconf 91' lang='lat' dir='ltr'>que·</span> 
     </span>
     <span class='ocr_line' id='line_1_32' title="bbox 934 2468 1760 2542; baseline -0.001 -16"><span class='ocrx_word' id='word_1_340' title='bbox 934 2471 1037 2538; x_wconf 89' lang='lat' dir='ltr'>relem,</span> <span class='ocrx_word' id='word_1_341' title='bbox 1048 2471 1138 2542; x_wconf 92' lang='lat' dir='ltr'>quod,</span> <span class='ocrx_word' id='word_1_342' title='bbox 1152 2470 1308 2526; x_wconf 78' lang='lat' dir='ltr'>cumbonae</span> <span class='ocrx_word' id='word_1_343' title='bbox 1318 2469 1464 2525; x_wconf 82' lang='lat' dir='ltr'>memoriae</span> <span class='ocrx_word' id='word_1_344' title='bbox 1471 2469 1524 2524; x_wconf 84' lang='lat' dir='ltr'>Ro.</span> <span class='ocrx_word' id='word_1_345' title='bbox 1537 2468 1572 2524; x_wconf 93' lang='lat' dir='ltr'>de</span> <span class='ocrx_word' id='word_1_346' title='bbox 1584 2468 1691 2525; x_wconf 85' lang='lat' dir='ltr'>Sancto</span> <span class='ocrx_word' id='word_1_347' title='bbox 1702 2468 1760 2525; x_wconf 78' lang='lat' dir='ltr'>ud-</span> 
     </span>
     <span class='ocr_line' id='line_1_33' title="bbox 934 2555 1761 2630; baseline -0.002 -14"><span class='ocrx_word' id='word_1_348' title='bbox 934 2562 1055 2628; x_wconf 92' lang='lat' dir='ltr'>mundo,</span> <span class='ocrx_word' id='word_1_349' title='bbox 1071 2576 1106 2616; x_wconf 80' lang='lat' dir='ltr'>ex</span> <span class='ocrx_word' id='word_1_350' title='bbox 1125 2558 1177 2614; x_wconf 89' lang='lat' dir='ltr'>illa</span> <span class='ocrx_word' id='word_1_351' title='bbox 1200 2558 1317 2614; x_wconf 85' lang='lat' dir='ltr'>licentia</span> <span class='ocrx_word' id='word_1_352' title='bbox 1338 2557 1466 2630; x_wconf 90' lang='lat' dir='ltr'>generali</span> <span class='ocrx_word' id='word_1_353' title='bbox 1490 2574 1578 2628; x_wconf 87' lang='lat' dir='ltr'>quem</span> <span class='ocrx_word' id='word_1_354' title='bbox 1601 2555 1761 2628; x_wconf 83' lang='lat' dir='ltr'>apostolica</span> 
     </span>
     <span class='ocr_line' id='line_1_34' title="bbox 932 2644 1758 2719; baseline -0.002 -15"><span class='ocrx_word' id='word_1_355' title='bbox 932 2649 1017 2705; x_wconf 89' lang='lat' dir='ltr'>sedes</span> <span class='ocrx_word' id='word_1_356' title='bbox 1029 2647 1168 2704; x_wconf 90' lang='lat' dir='ltr'>omnibus</span> <span class='ocrx_word' id='word_1_357' title='bbox 1179 2647 1391 2718; x_wconf 73' lang='lat' dir='ltr'>crucesignatis</span> <span class='ocrx_word' id='word_1_358' title='bbox 1401 2645 1534 2716; x_wconf 86' lang='lat' dir='ltr'>indulsit,</span> <span class='ocrx_word' id='word_1_359' title='bbox 1546 2649 1614 2702; x_wconf 82' lang='lat' dir='ltr'>etex</span> <span class='ocrx_word' id='word_1_360' title='bbox 1625 2644 1683 2702; x_wconf 89' lang='lat' dir='ltr'>alia</span> <span class='ocrx_word' id='word_1_361' title='bbox 1691 2660 1758 2719; x_wconf 89' lang='lat' dir='ltr'>spe-</span> 
     </span>
     <span class='ocr_line' id='line_1_35' title="bbox 932 2734 1758 2809; baseline -0.002 -16"><span class='ocrx_word' id='word_1_362' title='bbox 932 2737 997 2794; x_wconf 92' lang='lat' dir='ltr'>ciali</span> <span class='ocrx_word' id='word_1_363' title='bbox 1013 2753 1101 2809; x_wconf 91' lang='lat' dir='ltr'>quem</span> <span class='ocrx_word' id='word_1_364' title='bbox 1126 2753 1180 2793; x_wconf 88' lang='lat' dir='ltr'>nos</span> <span class='ocrx_word' id='word_1_365' title='bbox 1201 2736 1296 2793; x_wconf 90' lang='lat' dir='ltr'>cidem</span> <span class='ocrx_word' id='word_1_366' title='bbox 1321 2735 1522 2807; x_wconf 84' lang='lat' dir='ltr'>crucesignato</span> <span class='ocrx_word' id='word_1_367' title='bbox 1547 2734 1758 2802; x_wconf 85' lang='lat' dir='ltr'>concessimus,</span> 
     </span>
     <span class='ocr_line' id='line_1_36' title="bbox 933 2823 1760 2899; baseline -0.007 -16"><span class='ocrx_word' id='word_1_368' title='bbox 933 2843 1026 2899; x_wconf 89' lang='lat' dir='ltr'>usque</span> <span class='ocrx_word' id='word_1_369' title='bbox 1038 2827 1074 2882; x_wconf 89' lang='lat' dir='ltr'>ed</span> <span class='ocrx_word' id='word_1_370' title='bbox 1090 2826 1129 2881; x_wconf 66' lang='grc' dir='ltr'>3ιι</span> <span class='ocrx_word' id='word_1_371' title='bbox 1143 2825 1305 2897; x_wconf 77' lang='lat' dir='ltr'>obligasset</span> <span class='ocrx_word' id='word_1_372' title='bbox 1319 2823 1430 2881; x_wconf 85' lang='lat' dir='ltr'>eisdem</span> <span class='ocrx_word' id='word_1_373' title='bbox 1457 2841 1512 2880; x_wconf 86' lang='lat' dir='ltr'>sua</span> <span class='ocrx_word' id='word_1_374' title='bbox 1535 2823 1677 2880; x_wconf 82' lang='lat' dir='ltr'>beneficia</span> <span class='ocrx_word' id='word_1_375' title='bbox 1695 2824 1760 2880; x_wconf 88' lang='lat' dir='ltr'>uni-</span> 
     </span>
    </p>
   </div>
   <div class='ocr_carea' id='block_1_9' title="bbox 47 2911 1759 3724">
    <p class='ocr_par' dir='ltr' id='par_1_12' title="bbox 47 2911 1759 3608">
     <span class='ocr_line' id='line_1_37' title="bbox 48 2911 1759 2988; baseline -0.001 -18"><span class='ocrx_word' id='word_1_376' title='bbox 48 2915 318 2985; x_wconf 85' lang='lat' dir='ltr'>damus,quatenus</span> <span class='ocrx_word' id='word_1_377' title='bbox 328 2914 505 2971; x_wconf 87' lang='lat' dir='ltr'>cardinalem</span> <span class='ocrx_word' id='word_1_378' title='bbox 517 2914 611 2988; x_wconf 88' lang='lat' dir='ltr'>ipsum</span> <span class='ocrx_word' id='word_1_379' title='bbox 624 2914 876 2985; x_wconf 84' lang='lat' dir='ltr'>sicutapostoliean</span> <span class='ocrx_word' id='word_1_380' title='bbox 930 2933 1015 2972; x_wconf 85' lang='lat' dir='ltr'>verse</span> <span class='ocrx_word' id='word_1_381' title='bbox 1029 2931 1081 2986; x_wconf 90' lang='lat' dir='ltr'>pro</span> <span class='ocrx_word' id='word_1_382' title='bbox 1096 2918 1176 2971; x_wconf 90' lang='lat' dir='ltr'>certa</span> <span class='ocrx_word' id='word_1_383' title='bbox 1191 2912 1322 2987; x_wconf 75' lang='lat' dir='ltr'>pecunias</span> <span class='ocrx_word' id='word_1_384' title='bbox 1338 2911 1512 2985; x_wconf 86' lang='lat' dir='ltr'>quantitate,</span> <span class='ocrx_word' id='word_1_385' title='bbox 1538 2928 1627 2984; x_wconf 87' lang='lat' dir='ltr'>quem</span> <span class='ocrx_word' id='word_1_386' title='bbox 1648 2912 1759 2982; x_wconf 87' lang='lat' dir='ltr'>recepit</span> 
     </span>
     <span class='ocr_line' id='line_1_38' title="bbox 48 3001 1759 3076; baseline -0.001 -17"><span class='ocrx_word' id='word_1_387' title='bbox 48 3003 129 3060; x_wconf 86' lang='lat' dir='ltr'>sedis</span> <span class='ocrx_word' id='word_1_388' title='bbox 143 3001 276 3075; x_wconf 89' lang='lat' dir='ltr'>legatum</span> <span class='ocrx_word' id='word_1_389' title='bbox 295 3001 444 3068; x_wconf 87' lang='lat' dir='ltr'>recipiatis</span> <span class='ocrx_word' id='word_1_390' title='bbox 455 3001 589 3059; x_wconf 86' lang='lat' dir='ltr'>hilariter</span> <span class='ocrx_word' id='word_1_391' title='bbox 599 3006 628 3060; x_wconf 89' lang='lat' dir='ltr'>et</span> <span class='ocrx_word' id='word_1_392' title='bbox 638 3003 796 3062; x_wconf 86' lang='lat' dir='ltr'>honorillce</span> <span class='ocrx_word' id='word_1_393' title='bbox 809 3020 874 3076; x_wconf 92' lang='lat' dir='ltr'>per·</span> <span class='ocrx_word' id='word_1_394' title='bbox 932 3006 968 3061; x_wconf 90' lang='lat' dir='ltr'>ab</span> <span class='ocrx_word' id='word_1_395' title='bbox 981 3004 1024 3061; x_wconf 90' lang='lat' dir='ltr'>eis</span> <span class='ocrx_word' id='word_1_396' title='bbox 1044 3004 1073 3060; x_wconf 93' lang='lat' dir='ltr'>in</span> <span class='ocrx_word' id='word_1_397' title='bbox 1090 3008 1173 3061; x_wconf 84' lang='lat' dir='ltr'>terrac</span> <span class='ocrx_word' id='word_1_398' title='bbox 1190 3008 1297 3061; x_wconf 83' lang='lat' dir='ltr'>saneta</span> <span class='ocrx_word' id='word_1_399' title='bbox 1313 3002 1481 3060; x_wconf 89' lang='lat' dir='ltr'>subsidium</span> <span class='ocrx_word' id='word_1_400' title='bbox 1506 3001 1704 3073; x_wconf 87' lang='lat' dir='ltr'>prolecturus,</span> <span class='ocrx_word' id='word_1_401' title='bbox 1730 3005 1759 3057; x_wconf 92' lang='lat' dir='ltr'>et</span> 
     </span>
     <span class='ocr_line' id='line_1_39' title="bbox 47 3090 1759 3165; baseline 0 -18"><span class='ocrx_word' id='word_1_402' title='bbox 47 3092 197 3158; x_wconf 86' lang='lat' dir='ltr'>tractetis,</span> <span class='ocrx_word' id='word_1_403' title='bbox 212 3096 241 3148; x_wconf 93' lang='lat' dir='ltr'>et</span> <span class='ocrx_word' id='word_1_404' title='bbox 258 3090 364 3147; x_wconf 88' lang='lat' dir='ltr'>tamin</span> <span class='ocrx_word' id='word_1_405' title='bbox 384 3091 492 3159; x_wconf 91' lang='lat' dir='ltr'>eundo,</span> <span class='ocrx_word' id='word_1_406' title='bbox 507 3108 595 3164; x_wconf 86' lang='lat' dir='ltr'>quam</span> <span class='ocrx_word' id='word_1_407' title='bbox 611 3093 759 3149; x_wconf 92' lang='lat' dir='ltr'>redeundo</span> <span class='ocrx_word' id='word_1_408' title='bbox 776 3094 805 3149; x_wconf 94' lang='lat' dir='ltr'>in</span> <span class='ocrx_word' id='word_1_409' title='bbox 822 3108 873 3149; x_wconf 93' lang='lat' dir='ltr'>ne·</span> <span class='ocrx_word' id='word_1_410' title='bbox 931 3093 1009 3165; x_wconf 88' lang='lat' dir='ltr'>inda,</span> <span class='ocrx_word' id='word_1_411' title='bbox 1016 3098 1081 3164; x_wconf 90' lang='lat' dir='ltr'>post</span> <span class='ocrx_word' id='word_1_412' title='bbox 1093 3095 1158 3165; x_wconf 84' lang='lat' dir='ltr'>ejus</span> <span class='ocrx_word' id='word_1_413' title='bbox 1168 3090 1511 3165; x_wconf 87' lang='lat' dir='ltr'>decessum,generaliter</span> <span class='ocrx_word' id='word_1_414' title='bbox 1520 3091 1759 3147; x_wconf 87' lang='lat' dir='ltr'>mandaverimus</span> 
     </span>
     <span class='ocr_line' id='line_1_40' title="bbox 50 3179 1758 3255; baseline -0.001 -19"><span class='ocrx_word' id='word_1_415' title='bbox 50 3180 192 3237; x_wconf 85' lang='lat' dir='ltr'>cessariis</span> <span class='ocrx_word' id='word_1_416' title='bbox 203 3179 387 3251; x_wconf 88' lang='lat' dir='ltr'>omnibus,et</span> <span class='ocrx_word' id='word_1_417' title='bbox 399 3181 655 3237; x_wconf 88' lang='lat' dir='ltr'>securoconductu</span> <span class='ocrx_word' id='word_1_418' title='bbox 668 3181 708 3236; x_wconf 89' lang='lat' dir='ltr'>ita</span> <span class='ocrx_word' id='word_1_419' title='bbox 719 3181 877 3238; x_wconf 87' lang='lat' dir='ltr'>liberaliter</span> <span class='ocrx_word' id='word_1_420' title='bbox 931 3183 1029 3240; x_wconf 91' lang='lat' dir='ltr'>omnia</span> <span class='ocrx_word' id='word_1_421' title='bbox 1039 3183 1192 3250; x_wconf 84' lang='lat' dir='ltr'>beneficia,</span> <span class='ocrx_word' id='word_1_422' title='bbox 1204 3198 1268 3255; x_wconf 80' lang='lat' dir='ltr'>que</span> <span class='ocrx_word' id='word_1_423' title='bbox 1279 3186 1411 3253; x_wconf 91' lang='lat' dir='ltr'>tempore</span> <span class='ocrx_word' id='word_1_424' title='bbox 1422 3180 1528 3236; x_wconf 90' lang='lat' dir='ltr'>mortis</span> <span class='ocrx_word' id='word_1_425' title='bbox 1539 3179 1676 3250; x_wconf 91' lang='lat' dir='ltr'>habebat,</span> <span class='ocrx_word' id='word_1_426' title='bbox 1688 3196 1758 3251; x_wconf 81' lang='lat' dir='ltr'>pra·</span> 
     </span>
     <span class='ocr_line' id='line_1_41' title="bbox 49 3268 1758 3343; baseline -0.001 -18"><span class='ocrx_word' id='word_1_427' title='bbox 49 3269 233 3341; x_wconf 81' lang='lat' dir='ltr'>provideatis</span> <span class='ocrx_word' id='word_1_428' title='bbox 241 3268 383 3339; x_wconf 86' lang='lat' dir='ltr'>eidem,ut</span> <span class='ocrx_word' id='word_1_429' title='bbox 395 3273 553 3339; x_wconf 89' lang='lat' dir='ltr'>patronum</span> <span class='ocrx_word' id='word_1_430' title='bbox 566 3271 786 3327; x_wconf 80' lang='lat' dir='ltr'>eumdecatero</span> <span class='ocrx_word' id='word_1_431' title='bbox 797 3271 875 3343; x_wconf 89' lang='lat' dir='ltr'>apud</span> <span class='ocrx_word' id='word_1_432' title='bbox 930 3271 1016 3327; x_wconf 89' lang='lat' dir='ltr'>dictis</span> <span class='ocrx_word' id='word_1_433' title='bbox 1033 3271 1246 3327; x_wconf 86' lang='lat' dir='ltr'>mercatoribus</span> <span class='ocrx_word' id='word_1_434' title='bbox 1261 3268 1418 3342; x_wconf 84' lang='lat' dir='ltr'>assignari,</span> <span class='ocrx_word' id='word_1_435' title='bbox 1443 3272 1475 3324; x_wconf 89' lang='lat' dir='ltr'>ut</span> <span class='ocrx_word' id='word_1_436' title='bbox 1489 3269 1526 3324; x_wconf 92' lang='lat' dir='ltr'>de</span> <span class='ocrx_word' id='word_1_437' title='bbox 1542 3268 1673 3340; x_wconf 90' lang='lat' dir='ltr'>ipsorum</span> <span class='ocrx_word' id='word_1_438' title='bbox 1690 3283 1758 3340; x_wconf 89' lang='lat' dir='ltr'>pro-</span> 
     </span>
     <span class='ocr_line' id='line_1_42' title="bbox 48 3353 1755 3431; baseline -0.002 -17"><span class='ocrx_word' id='word_1_439' title='bbox 48 3359 149 3414; x_wconf 84' lang='lat' dir='ltr'>sedem</span> <span class='ocrx_word' id='word_1_440' title='bbox 170 3355 363 3430; x_wconf 88' lang='lat' dir='ltr'>apostolicam</span> <span class='ocrx_word' id='word_1_441' title='bbox 380 3357 523 3429; x_wconf 89' lang='lat' dir='ltr'>habeatis,</span> <span class='ocrx_word' id='word_1_442' title='bbox 535 3363 676 3430; x_wconf 87' lang='lat' dir='ltr'>tantoque</span> <span class='ocrx_word' id='word_1_443' title='bbox 687 3359 775 3415; x_wconf 87' lang='lat' dir='ltr'>citius</span> <span class='ocrx_word' id='word_1_444' title='bbox 791 3361 827 3416; x_wconf 85' lang='lat' dir='ltr'>ab</span> <span class='ocrx_word' id='word_1_445' title='bbox 842 3375 876 3416; x_wconf 87' lang='lat' dir='ltr'>ea</span> <span class='ocrx_word' id='word_1_446' title='bbox 927 3357 1065 3414; x_wconf 84' lang='lat' dir='ltr'>ventibus</span> <span class='ocrx_word' id='word_1_447' title='bbox 1081 3357 1235 3431; x_wconf 88' lang='lat' dir='ltr'>pecuniam</span> <span class='ocrx_word' id='word_1_448' title='bbox 1252 3357 1424 3428; x_wconf 87' lang='lat' dir='ltr'>reciperent,</span> <span class='ocrx_word' id='word_1_449' title='bbox 1441 3353 1541 3411; x_wconf 90' lang='lat' dir='ltr'>usuris</span> <span class='ocrx_word' id='word_1_450' title='bbox 1557 3353 1755 3425; x_wconf 87' lang='lat' dir='ltr'>cessantibus,</span> 
     </span>
     <span class='ocr_line' id='line_1_43' title="bbox 48 3442 1756 3522; baseline -0.003 -19"><span class='ocrx_word' id='word_1_451' title='bbox 48 3447 226 3504; x_wconf 80' lang='lat' dir='ltr'>exaudiatur</span> <span class='ocrx_word' id='word_1_452' title='bbox 237 3462 289 3518; x_wconf 91' lang='lat' dir='ltr'>pro</span> <span class='ocrx_word' id='word_1_453' title='bbox 302 3445 396 3517; x_wconf 88' lang='lat' dir='ltr'>vobis,</span> <span class='ocrx_word' id='word_1_454' title='bbox 412 3450 523 3518; x_wconf 86' lang='lat' dir='ltr'>quanto</span> <span class='ocrx_word' id='word_1_455' title='bbox 538 3465 556 3504; x_wconf 87' lang='lat' dir='ltr'>e</span> <span class='ocrx_word' id='word_1_456' title='bbox 569 3447 651 3505; x_wconf 82' lang='lat' dir='ltr'>vobis</span> <span class='ocrx_word' id='word_1_457' title='bbox 666 3465 718 3520; x_wconf 90' lang='lat' dir='ltr'>pre</span> <span class='ocrx_word' id='word_1_458' title='bbox 733 3449 798 3522; x_wconf 88' lang='lat' dir='ltr'>ipsa</span> <span class='ocrx_word' id='word_1_459' title='bbox 812 3450 874 3506; x_wconf 85' lang='lat' dir='ltr'>lue·</span> <span class='ocrx_word' id='word_1_460' title='bbox 927 3452 1105 3518; x_wconf 85' lang='lat' dir='ltr'>mutuatam,</span> <span class='ocrx_word' id='word_1_461' title='bbox 1121 3445 1297 3504; x_wconf 87' lang='lat' dir='ltr'>venerabilis</span> <span class='ocrx_word' id='word_1_462' title='bbox 1313 3444 1403 3500; x_wconf 84' lang='lat' dir='ltr'>frater</span> <span class='ocrx_word' id='word_1_463' title='bbox 1426 3448 1558 3500; x_wconf 90' lang='lat' dir='ltr'>noster...</span> <span class='ocrx_word' id='word_1_464' title='bbox 1574 3442 1756 3499; x_wconf 88' lang='lat' dir='ltr'>Dunelmen·</span> 
     </span>
     <span class='ocr_line' id='line_1_44' title="bbox 47 3531 1755 3608; baseline -0.002 -16"><span class='ocrx_word' id='word_1_465' title='bbox 47 3535 83 3592; x_wconf 87' lang='lat' dir='ltr'>rit</span> <span class='ocrx_word' id='word_1_466' title='bbox 96 3535 230 3608; x_wconf 86' lang='lat' dir='ltr'>amplius</span> <span class='ocrx_word' id='word_1_467' title='bbox 245 3535 417 3593; x_wconf 90' lang='lat' dir='ltr'>honoratus.</span> <span class='ocrx_word' id='word_1_468' title='bbox 927 3536 969 3592; x_wconf 87' lang='lat' dir='ltr'>sis</span> <span class='ocrx_word' id='word_1_469' title='bbox 984 3536 1141 3608; x_wconf 88' lang='lat' dir='ltr'>episcopus</span> <span class='ocrx_word' id='word_1_470' title='bbox 1156 3535 1224 3607; x_wconf 87' lang='grc'><strong>(76),</strong></span> <span class='ocrx_word' id='word_1_471' title='bbox 1240 3535 1292 3606; x_wconf 92' lang='lat' dir='ltr'>qui</span> <span class='ocrx_word' id='word_1_472' title='bbox 1308 3550 1359 3606; x_wconf 94' lang='lat' dir='ltr'>pro</span> <span class='ocrx_word' id='word_1_473' title='bbox 1375 3532 1590 3589; x_wconf 88' lang='lat' dir='ltr'>mercatoribus</span> <span class='ocrx_word' id='word_1_474' title='bbox 1605 3531 1679 3604; x_wconf 90' lang='lat' dir='ltr'>ipsis</span> <span class='ocrx_word' id='word_1_475' title='bbox 1693 3533 1755 3604; x_wconf 90' lang='lat' dir='ltr'>pri·</span> 
     </span>
    </p>

    <p class='ocr_par' dir='ltr' id='par_1_13' title="bbox 392 3620 1753 3724">
     <span class='ocr_line' id='line_1_45' title="bbox 392 3620 1753 3724; baseline -0.002 -44"><span class='ocrx_word' id='word_1_476' title='bbox 392 3651 454 3707; x_wconf 69' lang='lat' dir='ltr'>XW</span> <span class='ocrx_word' id='word_1_477' title='bbox 469 3652 535 3724; x_wconf 64' lang='grc' dir='ltr'>(73)ι</span> <span class='ocrx_word' id='word_1_478' title='bbox 928 3639 976 3681; x_wconf 94' lang='lat' dir='ltr'>mo</span> <span class='ocrx_word' id='word_1_479' title='bbox 991 3625 1179 3695; x_wconf 86' lang='lat' dir='ltr'>secundoque</span> <span class='ocrx_word' id='word_1_480' title='bbox 1203 3622 1395 3695; x_wconf 89' lang='lat' dir='ltr'>apostolicum</span> <span class='ocrx_word' id='word_1_481' title='bbox 1419 3620 1591 3678; x_wconf 87' lang='lat' dir='ltr'>mandatum</span> <span class='ocrx_word' id='word_1_482' title='bbox 1611 3620 1753 3694; x_wconf 86' lang='lat' dir='ltr'>suscepit,</span> 
     </span>
    </p>
   </div>
   <div class='ocr_carea' id='block_1_10' title="bbox 50 3710 1752 3808">
    <p class='ocr_par' dir='ltr' id='par_1_14' title="bbox 50 3710 1752 3808">
     <span class='ocr_line' id='line_1_46' title="bbox 50 3710 1752 3808; baseline -0.003 -38"><span class='ocrx_word' id='word_1_483' title='bbox 50 3755 298 3807; x_wconf 56' lang='lat' dir='ltr'>mmmmm,</span> <span class='ocrx_word' id='word_1_484' title='bbox 313 3756 470 3807; x_wconf 53' lang='lat' dir='ltr'>mmm,</span> <span class='ocrx_word' id='word_1_485' title='bbox 489 3757 659 3808; x_wconf 49' lang='lat' dir='ltr'>nmmos,</span> <span class='ocrx_word' id='word_1_486' title='bbox 683 3758 717 3798; x_wconf 57' lang='lat' dir='ltr'><strong>m</strong></span> <span class='ocrx_word' id='word_1_487' title='bbox 735 3759 807 3798; x_wconf 60' lang='lat' dir='ltr'>m„</span> <span class='ocrx_word' id='word_1_488' title='bbox 825 3758 876 3797; x_wconf 63' lang='lat' dir='ltr'>m,</span> <span class='ocrx_word' id='word_1_489' title='bbox 928 3713 1081 3770; x_wconf 87' lang='lat' dir='ltr'>occasione</span> <span class='ocrx_word' id='word_1_490' title='bbox 1096 3713 1225 3769; x_wconf 81' lang='lat' dir='ltr'>mandata</span> <span class='ocrx_word' id='word_1_491' title='bbox 1251 3712 1286 3767; x_wconf 91' lang='lat' dir='ltr'>ad</span> <span class='ocrx_word' id='word_1_492' title='bbox 1303 3727 1400 3784; x_wconf 79' lang='lat' dir='ltr'>ipsum</span> <span class='ocrx_word' id='word_1_493' title='bbox 1422 3711 1465 3767; x_wconf 89' lang='lat' dir='ltr'>vel</span> <span class='ocrx_word' id='word_1_494' title='bbox 1490 3710 1527 3766; x_wconf 87' lang='lat' dir='ltr'>ad</span> <span class='ocrx_word' id='word_1_495' title='bbox 1551 3710 1691 3767; x_wconf 81' lang='lat' dir='ltr'>dilectum</span> <span class='ocrx_word' id='word_1_496' title='bbox 1716 3710 1752 3765; x_wconf 86' lang='lat' dir='ltr'>u-</span> 
     </span>
    </p>
   </div>
   <div class='ocr_carea' id='block_1_11' title="bbox 83 3800 1754 3962">
    <p class='ocr_par' dir='ltr' id='par_1_15' title="bbox 83 3800 1754 3962">
     <span class='ocr_line' id='line_1_47' title="bbox 83 3800 1752 3882; baseline 0.001 -14"><span class='ocrx_word' id='word_1_497' title='bbox 83 3827 750 3882; x_wconf 80' lang='lat' dir='ltr'>cnssmauncsmcmrrs,nruurvsasoccsno,m</span> <span class='ocrx_word' id='word_1_498' title='bbox 769 3831 877 3871; x_wconf 73' lang='lat' dir='ltr'>acaum</span> <span class='ocrx_word' id='word_1_499' title='bbox 927 3802 1036 3859; x_wconf 92' lang='lat' dir='ltr'>lium...</span> <span class='ocrx_word' id='word_1_500' title='bbox 1053 3803 1188 3859; x_wconf 66' lang='lat' dir='ltr'>flbbssleffl</span> <span class='ocrx_word' id='word_1_501' title='bbox 1209 3802 1307 3858; x_wconf 66' lang='grc'>3811011</span> <span class='ocrx_word' id='word_1_502' title='bbox 1336 3800 1439 3857; x_wconf 63' lang='lat' dir='ltr'>dlbtnl</span> <span class='ocrx_word' id='word_1_503' title='bbox 1468 3801 1538 3871; x_wconf 72' lang='lat'><strong>(77).</strong></span> <span class='ocrx_word' id='word_1_504' title='bbox 1562 3804 1752 3873; x_wconf 90' lang='lat' dir='ltr'>pronepotem</span> 
     </span>
     <span class='ocr_line' id='line_1_48' title="bbox 84 3888 1754 3962; baseline 0.002 -22"><span class='ocrx_word' id='word_1_505' title='bbox 84 3898 243 3941; x_wconf 76' lang='lat' dir='ltr'>caecrucis</span> <span class='ocrx_word' id='word_1_506' title='bbox 256 3899 450 3942; x_wconf 81' lang='lat' dir='ltr'>cousmrums.</span> <span class='ocrx_word' id='word_1_507' title='bbox 928 3891 1104 3948; x_wconf 88' lang='lat' dir='ltr'>venerabilis</span> <span class='ocrx_word' id='word_1_508' title='bbox 1130 3891 1229 3948; x_wconf 77' lang='lat' dir='ltr'>fratris</span> <span class='ocrx_word' id='word_1_509' title='bbox 1244 3890 1350 3962; x_wconf 88' lang='lat' dir='ltr'>nostri,</span> <span class='ocrx_word' id='word_1_510' title='bbox 1378 3895 1406 3944; x_wconf 85' lang='lat' dir='ltr'>S.</span> <span class='ocrx_word' id='word_1_511' title='bbox 1431 3889 1608 3945; x_wconf 79' lang='lat' dir='ltr'>Albanensis</span> <span class='ocrx_word' id='word_1_512' title='bbox 1623 3888 1754 3961; x_wconf 89' lang='lat' dir='ltr'>episcopi</span> 
     </span>
    </p>
   </div>
   <div class='ocr_carea' id='block_1_12' title="bbox 298 3973 1756 4051">
    <p class='ocr_par' dir='ltr' id='par_1_16' title="bbox 298 3973 1756 4051">
     <span class='ocr_line' id='line_1_49' title="bbox 298 3973 1756 4051; baseline 0.003 -22"><span class='ocrx_word' id='word_1_513' title='bbox 298 3974 336 4030; x_wconf 86' lang='lat' dir='ltr'>De</span> <span class='ocrx_word' id='word_1_514' title='bbox 349 3973 441 4031; x_wconf 76' lang='lat' dir='ltr'>eodem</span> <span class='ocrx_word' id='word_1_515' title='bbox 462 3983 632 4043; x_wconf 74' lang='lat' dir='ltr'>argumento.</span> <span class='ocrx_word' id='word_1_516' title='bbox 929 3981 997 4051; x_wconf 82' lang='lat'>(78),</span> <span class='ocrx_word' id='word_1_517' title='bbox 1014 3979 1220 4051; x_wconf 84' lang='lat' dir='ltr'>predictorum</span> <span class='ocrx_word' id='word_1_518' title='bbox 1245 3978 1379 4036; x_wconf 90' lang='lat' dir='ltr'>omnium</span> <span class='ocrx_word' id='word_1_519' title='bbox 1404 3976 1526 4033; x_wconf 87' lang='lat' dir='ltr'>veritate</span> <span class='ocrx_word' id='word_1_520' title='bbox 1542 3977 1641 4047; x_wconf 88' lang='lat' dir='ltr'>tacita,</span> <span class='ocrx_word' id='word_1_521' title='bbox 1658 3977 1756 4048; x_wconf 90' lang='lat' dir='ltr'>impe-</span> 
     </span>
    </p>
   </div>
   <div class='ocr_carea' id='block_1_13' title="bbox 48 4065 1761 5123">
    <p class='ocr_par' dir='ltr' id='par_1_17' title="bbox 48 4065 1761 5123">
     <span class='ocr_line' id='line_1_50' title="bbox 83 4065 1755 4145; baseline -0.003 -20"><span class='ocrx_word' id='word_1_522' title='bbox 83 4068 371 4142; x_wconf 87' lang='lat' dir='ltr'>Volensapostoliea</span> <span class='ocrx_word' id='word_1_523' title='bbox 386 4073 481 4143; x_wconf 88' lang='lat' dir='ltr'>sedas,</span> <span class='ocrx_word' id='word_1_524' title='bbox 490 4076 558 4140; x_wconf 89' lang='lat' dir='ltr'>ete„</span> <span class='ocrx_word' id='word_1_525' title='bbox 569 4073 599 4128; x_wconf 85' lang='lat' dir='ltr'>ia</span> <span class='ocrx_word' id='word_1_526' title='bbox 611 4073 735 4130; x_wconf 83' lang='lat' dir='ltr'>eumdem</span> <span class='ocrx_word' id='word_1_527' title='bbox 743 4077 802 4145; x_wconf 79' lang='lat' dir='ltr'>sere</span> <span class='ocrx_word' id='word_1_528' title='bbox 815 4089 877 4130; x_wconf 84' lang='lat' dir='ltr'>ruo·</span> <span class='ocrx_word' id='word_1_529' title='bbox 929 4069 1008 4140; x_wconf 85' lang='lat' dir='ltr'>irati,</span> <span class='ocrx_word' id='word_1_530' title='bbox 1025 4067 1256 4141; x_wconf 85' lang='lat' dir='ltr'>supercoelesia,</span> <span class='ocrx_word' id='word_1_531' title='bbox 1268 4083 1357 4139; x_wconf 86' lang='lat' dir='ltr'>quam</span> <span class='ocrx_word' id='word_1_532' title='bbox 1369 4066 1447 4122; x_wconf 88' lang='lat' dir='ltr'>idem</span> <span class='ocrx_word' id='word_1_533' title='bbox 1460 4065 1494 4121; x_wconf 85' lang='lat' dir='ltr'>ll.</span> <span class='ocrx_word' id='word_1_534' title='bbox 1507 4065 1543 4121; x_wconf 88' lang='lat' dir='ltr'>ah</span> <span class='ocrx_word' id='word_1_535' title='bbox 1558 4065 1692 4136; x_wconf 88' lang='lat' dir='ltr'>ejusdem</span> <span class='ocrx_word' id='word_1_536' title='bbox 1703 4065 1755 4121; x_wconf 90' lang='lat' dir='ltr'>ab·</span> 
     </span>
     <span class='ocr_line' id='line_1_51' title="bbox 50 4153 1757 4236; baseline -0.003 -21"><span class='ocrx_word' id='word_1_537' title='bbox 50 4159 128 4231; x_wconf 81' lang='lat' dir='ltr'>dum,</span> <span class='ocrx_word' id='word_1_538' title='bbox 143 4176 234 4231; x_wconf 76' lang='lat' dir='ltr'>usque</span> <span class='ocrx_word' id='word_1_539' title='bbox 257 4165 302 4216; x_wconf 87' lang='lat' dir='ltr'>est</span> <span class='ocrx_word' id='word_1_540' title='bbox 316 4160 464 4218; x_wconf 86' lang='lat' dir='ltr'>inventus.</span> <span class='ocrx_word' id='word_1_541' title='bbox 477 4164 510 4217; x_wconf 93' lang='lat' dir='ltr'>ln</span> <span class='ocrx_word' id='word_1_542' title='bbox 521 4163 618 4219; x_wconf 80' lang='lat' dir='ltr'>Servis</span> <span class='ocrx_word' id='word_1_543' title='bbox 633 4179 750 4235; x_wconf 88' lang='lat' dir='ltr'>quoque</span> <span class='ocrx_word' id='word_1_544' title='bbox 764 4164 821 4236; x_wconf 88' lang='lat' dir='ltr'>ipsi</span> <span class='ocrx_word' id='word_1_545' title='bbox 837 4163 877 4219; x_wconf 92' lang='lat' dir='ltr'>le·</span> <span class='ocrx_word' id='word_1_546' title='bbox 931 4159 1008 4216; x_wconf 84' lang='lat' dir='ltr'>hatis</span> <span class='ocrx_word' id='word_1_547' title='bbox 1034 4158 1204 4231; x_wconf 83' lang='lat' dir='ltr'>possederat</span> <span class='ocrx_word' id='word_1_548' title='bbox 1219 4155 1399 4214; x_wconf 86' lang='lat' dir='ltr'>monasterio</span> <span class='ocrx_word' id='word_1_549' title='bbox 1425 4154 1494 4226; x_wconf 82' lang='grc'><strong>(79),</strong></span> <span class='ocrx_word' id='word_1_550' title='bbox 1518 4154 1613 4226; x_wconf 89' lang='lat' dir='ltr'>ipsius</span> <span class='ocrx_word' id='word_1_551' title='bbox 1627 4153 1757 4226; x_wconf 88' lang='lat' dir='ltr'>episcopi</span> 
     </span>
     <span class='ocr_line' id='line_1_52' title="bbox 50 4241 1757 4323; baseline -0.004 -18"><span class='ocrx_word' id='word_1_552' title='bbox 50 4247 876 4323; x_wconf 67' lang='lat' dir='ltr'>gationisoidcinmduximusiniungendummtevellat,</span> <span class='ocrx_word' id='word_1_553' title='bbox 931 4241 1757 4319; x_wconf 83' lang='lat' dir='ltr'>conterendanepoli,eademilliccelesiamdieiturassi·</span> 
     </span>
     <span class='ocr_line' id='line_1_53' title="bbox 50 4331 1758 4414; baseline -0.004 -21"><span class='ocrx_word' id='word_1_554' title='bbox 50 4338 200 4406; x_wconf 81' lang='lat' dir='ltr'>destruat,</span> <span class='ocrx_word' id='word_1_555' title='bbox 210 4336 360 4409; x_wconf 88' lang='lat' dir='ltr'>disperdet</span> <span class='ocrx_word' id='word_1_556' title='bbox 375 4343 404 4396; x_wconf 91' lang='lat' dir='ltr'>et</span> <span class='ocrx_word' id='word_1_557' title='bbox 419 4339 554 4412; x_wconf 90' lang='lat' dir='ltr'>dissipet,</span> <span class='ocrx_word' id='word_1_558' title='bbox 574 4340 699 4397; x_wconf 80' lang='lat' dir='ltr'>aedificet</span> <span class='ocrx_word' id='word_1_559' title='bbox 712 4345 741 4398; x_wconf 89' lang='lat' dir='ltr'>et</span> <span class='ocrx_word' id='word_1_560' title='bbox 757 4340 877 4414; x_wconf 87' lang='lat' dir='ltr'>plantet,</span> <span class='ocrx_word' id='word_1_561' title='bbox 932 4352 1049 4407; x_wconf 86' lang='lat' dir='ltr'>guasse,</span> <span class='ocrx_word' id='word_1_562' title='bbox 1061 4335 1112 4406; x_wconf 91' lang='lat' dir='ltr'>qui</span> <span class='ocrx_word' id='word_1_563' title='bbox 1124 4351 1176 4406; x_wconf 86' lang='lat' dir='ltr'>per</span> <span class='ocrx_word' id='word_1_564' title='bbox 1186 4337 1406 4406; x_wconf 89' lang='lat' dir='ltr'>procuratorem</span> <span class='ocrx_word' id='word_1_565' title='bbox 1423 4347 1510 4387; x_wconf 91' lang='lat' dir='ltr'>suum</span> <span class='ocrx_word' id='word_1_566' title='bbox 1532 4348 1591 4387; x_wconf 92' lang='lat' dir='ltr'>nou</span> <span class='ocrx_word' id='word_1_567' title='bbox 1613 4331 1710 4387; x_wconf 89' lang='lat' dir='ltr'>solum</span> <span class='ocrx_word' id='word_1_568' title='bbox 1722 4331 1758 4386; x_wconf 90' lang='lat' dir='ltr'>il·</span> 
     </span>
     <span class='ocr_line' id='line_1_54' title="bbox 48 4413 1758 4500; baseline -0.004 -22"><span class='ocrx_word' id='word_1_569' title='bbox 48 4427 135 4498; x_wconf 72' lang='lat' dir='ltr'>Juxta</span> <span class='ocrx_word' id='word_1_570' title='bbox 144 4426 225 4499; x_wconf 86' lang='lat' dir='ltr'>qnod</span> <span class='ocrx_word' id='word_1_571' title='bbox 236 4427 270 4483; x_wconf 86' lang='lat' dir='ltr'>ad</span> <span class='ocrx_word' id='word_1_572' title='bbox 283 4428 446 4499; x_wconf 78' lang='lat' dir='ltr'>protentum</span> <span class='ocrx_word' id='word_1_573' title='bbox 458 4428 607 4486; x_wconf 69' lang='lat' dir='ltr'>catholiea</span> <span class='ocrx_word' id='word_1_574' title='bbox 618 4429 696 4500; x_wconf 74' lang='lat' dir='ltr'>fidei,</span> <span class='ocrx_word' id='word_1_575' title='bbox 708 4433 819 4486; x_wconf 72' lang='lat' dir='ltr'>statum</span> <span class='ocrx_word' id='word_1_576' title='bbox 835 4446 879 4487; x_wconf 79' lang='lat'>00-</span> <span class='ocrx_word' id='word_1_577' title='bbox 894 4413 917 4478; x_wconf 81' lang='lat' dir='ltr'>l)</span> <span class='ocrx_word' id='word_1_578' title='bbox 933 4423 995 4480; x_wconf 90' lang='lat' dir='ltr'>lum</span> <span class='ocrx_word' id='word_1_579' title='bbox 1008 4421 1130 4494; x_wconf 87' lang='lat' dir='ltr'>accepit,</span> <span class='ocrx_word' id='word_1_580' title='bbox 1141 4437 1243 4477; x_wconf 87' lang='lat' dir='ltr'>verum</span> <span class='ocrx_word' id='word_1_581' title='bbox 1258 4419 1344 4477; x_wconf 91' lang='lat' dir='ltr'>etiam</span> <span class='ocrx_word' id='word_1_582' title='bbox 1357 4417 1481 4490; x_wconf 83' lang='lat' dir='ltr'>percipit</span> <span class='ocrx_word' id='word_1_583' title='bbox 1492 4419 1605 4475; x_wconf 78' lang='lat' dir='ltr'>tructus</span> <span class='ocrx_word' id='word_1_584' title='bbox 1618 4418 1713 4491; x_wconf 89' lang='lat' dir='ltr'>ipsius</span> <span class='ocrx_word' id='word_1_585' title='bbox 1728 4418 1758 4473; x_wconf 89' lang='lat' dir='ltr'>in</span> 
     </span>
     <span class='ocr_line' id='line_1_55' title="bbox 51 4507 1759 4585; baseline -0.005 -14"><span class='ocrx_word' id='word_1_586' title='bbox 51 4515 160 4583; x_wconf 74' lang='lat' dir='ltr'>rlesiae,</span> <span class='ocrx_word' id='word_1_587' title='bbox 178 4516 390 4573; x_wconf 87' lang='lat' dir='ltr'>correctionem</span> <span class='ocrx_word' id='word_1_588' title='bbox 406 4521 434 4574; x_wconf 94' lang='lat' dir='ltr'>et</span> <span class='ocrx_word' id='word_1_589' title='bbox 450 4516 605 4574; x_wconf 88' lang='lat' dir='ltr'>utilitatem</span> <span class='ocrx_word' id='word_1_590' title='bbox 630 4523 757 4575; x_wconf 82' lang='lat' dir='ltr'>vestram</span> <span class='ocrx_word' id='word_1_591' title='bbox 773 4519 880 4575; x_wconf 83' lang='lat' dir='ltr'>viderit</span> <span class='ocrx_word' id='word_1_592' title='bbox 936 4512 1136 4585; x_wconf 78' lang='lat' dir='ltr'>prejudicium</span> <span class='ocrx_word' id='word_1_593' title='bbox 1149 4508 1414 4581; x_wconf 88' lang='lat' dir='ltr'>mercatorum,qui</span> <span class='ocrx_word' id='word_1_594' title='bbox 1426 4507 1759 4582; x_wconf 82' lang='lat' dir='ltr'>depravantibusipsius</span> 
     </span>
     <span class='ocr_line' id='line_1_56' title="bbox 51 4596 1759 4678; baseline -0.004 -19"><span class='ocrx_word' id='word_1_595' title='bbox 51 4604 202 4677; x_wconf 84' lang='lat' dir='ltr'>expedire.</span> <span class='ocrx_word' id='word_1_596' title='bbox 212 4604 367 4661; x_wconf 84' lang='lat' dir='ltr'>ldonemus</span> <span class='ocrx_word' id='word_1_597' title='bbox 378 4605 468 4678; x_wconf 87' lang='lat' dir='ltr'>igitur</span> <span class='ocrx_word' id='word_1_598' title='bbox 479 4605 699 4663; x_wconf 86' lang='lat' dir='ltr'>universitatem</span> <span class='ocrx_word' id='word_1_599' title='bbox 711 4611 839 4664; x_wconf 81' lang='lat' dir='ltr'>uestram</span> <span class='ocrx_word' id='word_1_600' title='bbox 851 4611 880 4664; x_wconf 88' lang='lat' dir='ltr'>et</span> <span class='ocrx_word' id='word_1_601' title='bbox 934 4601 1062 4658; x_wconf 81' lang='lat' dir='ltr'>ecclesie</span> <span class='ocrx_word' id='word_1_602' title='bbox 1073 4601 1237 4674; x_wconf 88' lang='lat' dir='ltr'>potuissent</span> <span class='ocrx_word' id='word_1_603' title='bbox 1253 4598 1368 4672; x_wconf 91' lang='lat' dir='ltr'>plenius</span> <span class='ocrx_word' id='word_1_604' title='bbox 1384 4597 1521 4669; x_wconf 87' lang='lat' dir='ltr'>quietari.</span> <span class='ocrx_word' id='word_1_605' title='bbox 1535 4596 1627 4664; x_wconf 88' lang='lat' dir='ltr'>Unde,</span> <span class='ocrx_word' id='word_1_606' title='bbox 1647 4613 1700 4670; x_wconf 87' lang='lat' dir='ltr'>per</span> <span class='ocrx_word' id='word_1_607' title='bbox 1717 4597 1759 4653; x_wconf 82' lang='lat' dir='ltr'>ei·</span> 
     </span>
     <span class='ocr_line' id='line_1_57' title="bbox 51 4686 1759 4768; baseline -0.004 -20"><span class='ocrx_word' id='word_1_608' title='bbox 51 4692 246 4749; x_wconf 86' lang='lat' dir='ltr'>exhortamur</span> <span class='ocrx_word' id='word_1_609' title='bbox 268 4692 298 4749; x_wconf 91' lang='lat' dir='ltr'>in</span> <span class='ocrx_word' id='word_1_610' title='bbox 313 4693 450 4761; x_wconf 80' lang='lat' dir='ltr'>Domino,</span> <span class='ocrx_word' id='word_1_611' title='bbox 481 4699 509 4751; x_wconf 90' lang='lat' dir='ltr'>et</span> <span class='ocrx_word' id='word_1_612' title='bbox 534 4711 585 4768; x_wconf 89' lang='lat' dir='ltr'>per</span> <span class='ocrx_word' id='word_1_613' title='bbox 608 4696 769 4764; x_wconf 90' lang='lat' dir='ltr'>apostolica</span> <span class='ocrx_word' id='word_1_614' title='bbox 797 4696 880 4754; x_wconf 89' lang='lat' dir='ltr'>vobis</span> <span class='ocrx_word' id='word_1_615' title='bbox 934 4689 1148 4763; x_wconf 85' lang='lat' dir='ltr'>tectumoperis</span> <span class='ocrx_word' id='word_1_616' title='bbox 1162 4693 1241 4762; x_wconf 89' lang='lat' dir='ltr'>patet</span> <span class='ocrx_word' id='word_1_617' title='bbox 1252 4687 1348 4760; x_wconf 85' lang='lat' dir='ltr'>qualis</span> <span class='ocrx_word' id='word_1_618' title='bbox 1361 4686 1612 4759; x_wconf 87' lang='lat' dir='ltr'>luitimpetrantis</span> <span class='ocrx_word' id='word_1_619' title='bbox 1625 4687 1759 4743; x_wconf 85' lang='lat' dir='ltr'>allectus.</span> 
     </span>
     <span class='ocr_line' id='line_1_58' title="bbox 54 4776 1759 4857; baseline -0.004 -19"><span class='ocrx_word' id='word_1_620' title='bbox 54 4781 167 4854; x_wconf 86' lang='lat' dir='ltr'>scripta</span> <span class='ocrx_word' id='word_1_621' title='bbox 182 4780 378 4855; x_wconf 71' lang='lat' dir='ltr'>precipiendo</span> <span class='ocrx_word' id='word_1_622' title='bbox 394 4784 582 4850; x_wconf 85' lang='lat' dir='ltr'>mandamus,</span> <span class='ocrx_word' id='word_1_623' title='bbox 595 4784 880 4857; x_wconf 88' lang='lat' dir='ltr'>quatenuslegatum</span> <span class='ocrx_word' id='word_1_624' title='bbox 935 4780 1101 4836; x_wconf 88' lang='lat' dir='ltr'>Recolimus</span> <span class='ocrx_word' id='word_1_625' title='bbox 1118 4779 1217 4846; x_wconf 88' lang='lat' dir='ltr'>etiam,</span> <span class='ocrx_word' id='word_1_626' title='bbox 1229 4777 1324 4848; x_wconf 88' lang='lat' dir='ltr'>ipsum</span> <span class='ocrx_word' id='word_1_627' title='bbox 1337 4777 1472 4832; x_wconf 88' lang='lat' dir='ltr'>abbatem</span> <span class='ocrx_word' id='word_1_628' title='bbox 1485 4777 1519 4831; x_wconf 90' lang='lat' dir='ltr'>ad</span> <span class='ocrx_word' id='word_1_629' title='bbox 1535 4776 1664 4848; x_wconf 90' lang='lat' dir='ltr'>primum</span> <span class='ocrx_word' id='word_1_630' title='bbox 1676 4792 1759 4832; x_wconf 90' lang='lat' dir='ltr'>man·</span> 
     </span>
     <span class='ocr_line' id='line_1_59' title="bbox 52 4863 1761 4943; baseline -0.003 -18"><span class='ocrx_word' id='word_1_631' title='bbox 52 4870 153 4943; x_wconf 88' lang='lat' dir='ltr'>ipsum</span> <span class='ocrx_word' id='word_1_632' title='bbox 167 4870 407 4942; x_wconf 87' lang='lat' dir='ltr'>sicutporsonam</span> <span class='ocrx_word' id='word_1_633' title='bbox 420 4876 562 4941; x_wconf 90' lang='lat' dir='ltr'>nostram,</span> <span class='ocrx_word' id='word_1_634' title='bbox 575 4872 632 4929; x_wconf 90' lang='lat' dir='ltr'>imo</span> <span class='ocrx_word' id='word_1_635' title='bbox 644 4889 696 4929; x_wconf 89' lang='lat' dir='ltr'>nos</span> <span class='ocrx_word' id='word_1_636' title='bbox 711 4873 742 4929; x_wconf 90' lang='lat' dir='ltr'>in</span> <span class='ocrx_word' id='word_1_637' title='bbox 757 4889 790 4930; x_wconf 88' lang='lat' dir='ltr'>eo</span> <span class='ocrx_word' id='word_1_638' title='bbox 806 4872 881 4930; x_wconf 88' lang='lat' dir='ltr'>roci·</span> <span class='ocrx_word' id='word_1_639' title='bbox 937 4870 1039 4926; x_wconf 87' lang='lat' dir='ltr'>datum</span> <span class='ocrx_word' id='word_1_640' title='bbox 1056 4873 1191 4925; x_wconf 90' lang='lat' dir='ltr'>nostrum</span> <span class='ocrx_word' id='word_1_641' title='bbox 1211 4868 1239 4922; x_wconf 96' lang='lat' dir='ltr'>id</span> <span class='ocrx_word' id='word_1_642' title='bbox 1264 4867 1357 4922; x_wconf 88' lang='lat' dir='ltr'>lacere</span> <span class='ocrx_word' id='word_1_643' title='bbox 1373 4863 1513 4931; x_wconf 88' lang='lat' dir='ltr'>noluisse,</span> <span class='ocrx_word' id='word_1_644' title='bbox 1526 4866 1603 4921; x_wconf 91' lang='lat' dir='ltr'>sicut</span> <span class='ocrx_word' id='word_1_645' title='bbox 1625 4882 1675 4936; x_wconf 94' lang='lat' dir='ltr'>per</span> <span class='ocrx_word' id='word_1_646' title='bbox 1691 4880 1761 4921; x_wconf 89' lang='lat' dir='ltr'>suas</span> 
     </span>
     <span class='ocr_line' id='line_1_60' title="bbox 54 4955 1761 5033; baseline -0.003 -18"><span class='ocrx_word' id='word_1_647' title='bbox 54 4959 181 5031; x_wconf 87' lang='lat' dir='ltr'>pientes,</span> <span class='ocrx_word' id='word_1_648' title='bbox 190 4957 360 5016; x_wconf 85' lang='lat' dir='ltr'>hilariteret</span> <span class='ocrx_word' id='word_1_649' title='bbox 369 4959 529 5017; x_wconf 86' lang='lat' dir='ltr'>honorilice</span> <span class='ocrx_word' id='word_1_650' title='bbox 541 4965 763 5033; x_wconf 88' lang='lat' dir='ltr'>pertractantes,</span> <span class='ocrx_word' id='word_1_651' title='bbox 771 4967 882 5019; x_wconf 87' lang='lat' dir='ltr'>statuta</span> <span class='ocrx_word' id='word_1_652' title='bbox 937 4963 1022 5019; x_wconf 88' lang='lat' dir='ltr'>nobis</span> <span class='ocrx_word' id='word_1_653' title='bbox 1038 4962 1150 5018; x_wconf 88' lang='lat' dir='ltr'>litteras</span> <span class='ocrx_word' id='word_1_654' title='bbox 1158 4957 1305 5016; x_wconf 87' lang='lat' dir='ltr'>intimavit</span> <span class='ocrx_word' id='word_1_655' title='bbox 1318 4973 1324 5010; x_wconf 78' lang='grc' dir='ltr'><em>τ</em></span> <span class='ocrx_word' id='word_1_656' title='bbox 1336 4960 1398 5011; x_wconf 92' lang='lat' dir='ltr'>tum</span> <span class='ocrx_word' id='word_1_657' title='bbox 1412 4955 1673 5029; x_wconf 88' lang='lat' dir='ltr'>quia,priusquam</span> <span class='ocrx_word' id='word_1_658' title='bbox 1685 4972 1761 5029; x_wconf 80' lang='lat' dir='ltr'>pra·</span> 
     </span>
     <span class='ocr_line' id='line_1_61' title="bbox 54 5046 1761 5123; baseline -0.002 -19"><span class='ocrx_word' id='word_1_659' title='bbox 54 5048 343 5122; x_wconf 84' lang='lat' dir='ltr'>etmendataipsius</span> <span class='ocrx_word' id='word_1_660' title='bbox 355 5049 882 5122; x_wconf 87' lang='lat' dir='ltr'>suscipiatishumilitcretinviolebi·</span> <span class='ocrx_word' id='word_1_661' title='bbox 937 5052 1034 5109; x_wconf 89' lang='lat' dir='ltr'>dietus</span> <span class='ocrx_word' id='word_1_662' title='bbox 1052 5052 1123 5123; x_wconf 78' lang='lat' dir='ltr'>[tog.</span> <span class='ocrx_word' id='word_1_663' title='bbox 1144 5051 1239 5121; x_wconf 88' lang='lat' dir='ltr'>ipsam</span> <span class='ocrx_word' id='word_1_664' title='bbox 1252 5046 1406 5103; x_wconf 90' lang='lat' dir='ltr'>ecclesium</span> <span class='ocrx_word' id='word_1_665' title='bbox 1430 5060 1482 5118; x_wconf 86' lang='lat' dir='ltr'>per</span> <span class='ocrx_word' id='word_1_666' title='bbox 1503 5046 1630 5103; x_wconf 84' lang='lat' dir='ltr'>levorem</span> <span class='ocrx_word' id='word_1_667' title='bbox 1646 5046 1761 5118; x_wconf 89' lang='lat' dir='ltr'>regium</span> 
     </span>
    </p>
   </div>
   <div class='ocr_carea' id='block_1_14' title="bbox 57 5241 1765 5514">
    <p class='ocr_par' dir='ltr' id='par_1_18' title="bbox 57 5241 1765 5514">
     <span class='ocr_line' id='line_1_62' title="bbox 57 5241 1765 5384; baseline 0.001 -85"><span class='ocrx_word' id='word_1_668' title='bbox 57 5317 71 5384; x_wconf 46' lang='grc' dir='ltr'>ᾗ</span> <span class='ocrx_word' id='word_1_669' title='bbox 83 5244 149 5371; x_wconf 70' lang='grc'><strong>(511)</strong></span> <span class='ocrx_word' id='word_1_670' title='bbox 164 5244 300 5301; x_wconf 82' lang='lat' dir='ltr'>Laudata</span> <span class='ocrx_word' id='word_1_671' title='bbox 315 5245 391 5318; x_wconf 87' lang='lat' dir='ltr'>apud</span> <span class='ocrx_word' id='word_1_672' title='bbox 407 5245 604 5320; x_wconf 70' lang='lat' dir='ltr'>hugbaldum,</span> <span class='ocrx_word' id='word_1_673' title='bbox 620 5248 655 5303; x_wconf 89' lang='lat' dir='ltr'>ed</span> <span class='ocrx_word' id='word_1_674' title='bbox 671 5263 781 5304; x_wconf 88' lang='lat' dir='ltr'>annum</span> <span class='ocrx_word' id='word_1_675' title='bbox 802 5248 883 5317; x_wconf 77' lang='lat'>1204,</span> <span class='ocrx_word' id='word_1_676' title='bbox 939 5251 1030 5378; x_wconf 41' lang='grc' dir='ltr'>ὦ)</span> <span class='ocrx_word' id='word_1_677' title='bbox 1045 5243 1366 5375; x_wconf 49' lang='grc' dir='ltr'>ἰξὲἓΐοεὲξῗῗέοῗηὲὲῗο</span> <span class='ocrx_word' id='word_1_678' title='bbox 1381 5260 1415 5300; x_wconf 89' lang='lat' dir='ltr'>ea</span> <span class='ocrx_word' id='word_1_679' title='bbox 1430 5259 1493 5314; x_wconf 85' lang='lat' dir='ltr'>que</span> <span class='ocrx_word' id='word_1_680' title='bbox 1510 5241 1640 5300; x_wconf 86' lang='lat' dir='ltr'>diximus</span> <span class='ocrx_word' id='word_1_681' title='bbox 1655 5243 1689 5299; x_wconf 89' lang='lat' dir='ltr'>ed</span> <span class='ocrx_word' id='word_1_682' title='bbox 1706 5243 1765 5317; x_wconf 90' lang='lat' dir='ltr'>epi·</span> 
     </span>
     <span class='ocr_line' id='line_1_63' title="bbox 59 5357 1765 5514; baseline 0.001 -73"><span class='ocrx_word' id='word_1_683' title='bbox 59 5456 67 5470; x_wconf 90' lang='lat'>.</span> <span class='ocrx_word' id='word_1_684' title='bbox 93 5357 150 5514; x_wconf 51' lang='lat' dir='ltr'>asp</span> <span class='ocrx_word' id='word_1_685' title='bbox 166 5385 332 5445; x_wconf 69' lang='lat' dir='ltr'>naariam</span> <span class='ocrx_word' id='word_1_686' title='bbox 347 5388 482 5463; x_wconf 70' lang='lat' dir='ltr'>episcopo</span> <span class='ocrx_word' id='word_1_687' title='bbox 507 5393 536 5449; x_wconf 80' lang='lat' dir='ltr'>a</span> <span class='ocrx_word' id='word_1_688' title='bbox 557 5389 662 5448; x_wconf 71' lang='lat' dir='ltr'>ansata</span> <span class='ocrx_word' id='word_1_689' title='bbox 678 5391 707 5447; x_wconf 90' lang='lat' dir='ltr'>s.</span> <span class='ocrx_word' id='word_1_690' title='bbox 724 5390 883 5461; x_wconf 75' lang='lat' dir='ltr'>samaras,</span> <span class='ocrx_word' id='word_1_691' title='bbox 975 5394 1021 5465; x_wconf 79' lang='lat' dir='ltr'>(ra</span> <span class='ocrx_word' id='word_1_692' title='bbox 1047 5357 1423 5463; x_wconf 73' lang='lat' dir='ltr'>vieaapaaoadauj&#39;usae</span> <span class='ocrx_word' id='word_1_693' title='bbox 1447 5384 1644 5461; x_wconf 81' lang='lat' dir='ltr'>libriseptini</span> <span class='ocrx_word' id='word_1_694' title='bbox 1659 5386 1687 5454; x_wconf 81' lang='lat' dir='ltr'>s,</span> <span class='ocrx_word' id='word_1_695' title='bbox 1704 5389 1765 5444; x_wconf 78' lang='lat' dir='ltr'>not.</span> 
     </span>
    </p>
   </div>
   <div class='ocr_carea' id='block_1_15' title="bbox 55 5457 454 5606">
    <p class='ocr_par' dir='ltr' id='par_1_19' title="bbox 55 5457 454 5606">
     <span class='ocr_line' id='line_1_64' title="bbox 55 5457 417 5533; baseline 0.003 -18"><span class='ocrx_word' id='word_1_696' title='bbox 55 5471 116 5528; x_wconf 70' lang='grc' dir='ltr'>(ιω</span> <span class='ocrx_word' id='word_1_697' title='bbox 152 5457 248 5515; x_wconf 88' lang='lat' dir='ltr'>ictum</span> <span class='ocrx_word' id='word_1_698' title='bbox 262 5464 417 5533; x_wconf 88' lang='lat' dir='ltr'>estsnpra.</span> 
     </span>
     <span class='ocr_line' id='line_1_65' title="bbox 90 5529 454 5606; baseline 0.003 -19"><span class='ocrx_word' id='word_1_699' title='bbox 90 5530 147 5604; x_wconf 83' lang='grc'><strong>(76)</strong></span> <span class='ocrx_word' id='word_1_700' title='bbox 162 5529 230 5602; x_wconf 86' lang='lat' dir='ltr'>Lib,</span> <span class='ocrx_word' id='word_1_701' title='bbox 243 5546 273 5604; x_wconf 85' lang='lat' dir='ltr'>x,</span> <span class='ocrx_word' id='word_1_702' title='bbox 288 5532 376 5606; x_wconf 86' lang='lat' dir='ltr'>epist.</span> <span class='ocrx_word' id='word_1_703' title='bbox 393 5532 454 5589; x_wconf 86' lang='grc'><strong>136.</strong></span> 
     </span>
    </p>
   </div>
   <div class='ocr_carea' id='block_1_16' title="bbox 220 5649 494 5716">
    <p class='ocr_par' dir='ltr' id='par_1_20' title="bbox 220 5649 494 5716">
     <span class='ocr_line' id='line_1_66' title="bbox 220 5649 494 5716; baseline 0.018 -5"><span class='ocrx_word' id='word_1_704' title='bbox 220 5649 356 5716; x_wconf 81' lang='lat' dir='ltr'>Passer..</span> <span class='ocrx_word' id='word_1_705' title='bbox 379 5650 494 5716; x_wconf 78' lang='lat' dir='ltr'>CCXV.</span> 
     </span>
    </p>
   </div>
   <div class='ocr_carea' id='block_1_17' title="bbox 975 5463 1257 5534">
    <p class='ocr_par' dir='ltr' id='par_1_21' title="bbox 975 5463 1257 5534">
     <span class='ocr_line' id='line_1_67' title="bbox 975 5463 1257 5534; baseline -0.011 -15"><span class='ocrx_word' id='word_1_706' title='bbox 975 5466 1021 5533; x_wconf 73' lang='lat'>(79</span> <span class='ocrx_word' id='word_1_707' title='bbox 1046 5463 1094 5521; x_wconf 87' lang='lat' dir='ltr'>Sie</span> <span class='ocrx_word' id='word_1_708' title='bbox 1110 5463 1139 5519; x_wconf 94' lang='lat' dir='ltr'>in</span> <span class='ocrx_word' id='word_1_709' title='bbox 1156 5477 1257 5534; x_wconf 88' lang='lat' dir='ltr'>apogr.</span> 
     </span>
    </p>
   </div>
   <div class='ocr_carea' id='block_1_18' title="bbox 0 0 1898 6022">
    <p class='ocr_par' dir='ltr' id='par_1_22' title="bbox 0 0 1898 6022">
     <span class='ocr_line' id='line_1_68' title="bbox 0 0 1898 6022; baseline 0 5"><span class='ocrx_word' id='word_1_710' title='bbox 0 0 1898 6022; x_wconf 95' lang='lat' dir='ltr'> </span> 
     </span>
    </p>
   </div>
  </div>
 </body>
</html>
