3788 6022
20 1280 22 1287 ·
65 1272 68 1277 '
147 1281 225 1337 mus,
252 1264 447 1339 presentibus
472 1264 663 1338 explicamus.
692 1268 778 1335 Sana,
800 1279 868 1320 cum
894 1263 972 1320 idem

152 250 206 306 iet
624 246 834 304 xuuocsnsu
852 246 893 301 111
911 245 965 299 Pe.
985 243 1232 301 sacrementi
1250 244 1318 299 L1e.
1337 244 1385 298 Vl.
1801 242 1857 298 268

151 374 342 433 contristasse
370 373 544 445 gaudemus,
572 388 629 428 non
655 372 724 444 quia
738 369 929 427 contristatus
944 384 975 424 cs
989 368 1017 436 A
1033 365 1147 440 placeto
1162 367 1261 424 animo
1273 364 1394 440 protulit
1405 365 1543 436 monitor,
1555 365 1591 422 nb
1606 365 1744 422 extremis
1768 366 1856 425 labiis
1880 411 1883 417 .

148 469 277 532 tantum,
293 463 344 519 sed
359 461 429 534 quia
444 461 638 517 contristatus
651 476 682 516 ee
698 460 734 515 ad
758 457 977 531 paenitentiam,
1030 454 1168 513 videntur
1179 461 1312 529 exputata
1329 455 1413 528 (5¹1),
1444 455 1618 526 redargutor
1632 471 1699 511 vero
1712 471 1742 512 ea
1760 456 1857 513 abun·

148 547 976 625 valquodnonminuscupimus,adcautelum.Qoam·
1030 545 1130 601 dantia
1143 546 1239 603 cordis
1263 547 1384 602 verbum
1413 545 1701 615 eructaracreditur,
1731 550 1765 601 ut
1793 546 1854 602 ira·

50 630 54 635 ¹
147 643 192 698 via
211 647 311 697 autem
327 656 443 709 causas,
459 644 579 712 propter
594 654 667 710 quas
682 636 808 693 tibitam
823 637 894 693 dure
903 635 976 694 ecri-
1030 651 1124 691 scens.
1141 636 1214 702 Quia
1238 652 1307 708 ergo
1323 640 1385 692 tum
1404 635 1501 709 pravis
1516 633 1608 690 initiis
1632 634 1745 690 fortiter
1759 636 1856 692 suerat

149 731 309 804 pserimus,
326 729 510 801 supprimere
533 727 639 785 melius
662 728 859 796 crederemus,
886 740 974 799 quam
1030 723 1221 794 obviandum,
1239 739 1274 779 ne
1298 724 1369 797 quid
1386 724 1414 779 in
1440 739 1508 779 eom
1531 722 1683 778 remissius
1698 741 1809 796 ageres,
1825 730 1854 781 te

149 822 266 894 aliquas
276 819 437 892 exprimere
452 817 592 887 rationes,
605 822 751 875 uelamen
763 813 975 874 abundantiori
1029 830 1088 869 non
1104 814 1226 870 remisse
1235 813 1426 881 monendum,
1435 814 1484 868 sed
1497 829 1600 885 aspere
1611 813 1750 869 duximus
1759 813 1854 870 inore·

150 910 337 967 absorbearis
358 907 488 977 tristitie,
504 914 533 964 et
558 907 704 965 consolari
729 906 844 976 nolens,
859 907 885 963 si
900 921 975 979 quos
1029 904 1172 975 pandum.
1189 903 1273 972 Nam,
1290 902 1345 960 atsi
1361 903 1509 976 poeticum
1525 901 1573 970 sit,
1591 906 1634 958 est
1650 900 1750 960 tamen
1766 903 1852 975 quael

150 999 258 1071 quaeris
273 1014 332 1054 non
347 997 480 1054 invenias
499 996 697 1068 consolantes,
714 995 833 1069 penitus
848 995 975 1052 coniun·
1029 991 1231 1065 propheticum
1248 997 1276 1047 ct
1292 992 1412 1061 morale,
1429 992 1507 1064 quod
1524 990 1630 1063 legitur
1644 991 1674 1047 in
1689 995 1798 1050 Poeta:

64 1090 67 1099 '
149 1087 229 1145 daris
244 1093 273 1144 at
287 1085 488 1160 cogarieabire
502 1090 675 1153 retrorsum,
689 1092 718 1143 et
728 1101 849 1141 manum
861 1085 898 1141 ab
909 1101 974 1142 ara·
1098 1089 1251 1162 Principiis
1264 1090 1350 1153 obsto,
1365 1106 1425 1147 sero
1439 1090 1577 1146 medicine
1591 1099 1727 1162 purotcr,

149 1179 195 1234 tro
211 1191 361 1243 revocare,
383 1190 473 1248 quare
495 1179 524 1232 te
539 1175 581 1232 sic
606 1175 839 1246 exasperandum
855 1173 975 1230 duxeri·
1099 1161 1167 1217 Cum
1181 1162 1257 1218 Μαῖα
1269 1178 1320 1235 tei
1337 1161 1435 1232 ‘Odisti
1450 1163 1599 1307 itvssltttrg
1609 1177 1715 1219 mo'sst·

1603 1268 1660 1307 vm.

146 1371 245 1413 comes
260 1353 369 1411 nobilis
385 1355 424 1411 sit
434 1359 464 1411 et
477 1354 659 1428 poiens,imo
670 1353 706 1409 de
718 1351 933 1425 potentioribus
944 1355 973 1408 et
1062 1349 1144 1406 iisset
1155 1354 1252 1406 autem
1268 1350 1362 1406 eidem
1374 1348 1487 1417 comiti,
1503 1353 1623 1422 propter
1634 1348 1851 1406 immanitatem

103 1474 106 1485 ›
145 1443 341 1501 nobilioribus
357 1443 439 1516 regni
456 1447 633 1499 Francorum
650 1442 767 1509 existat,
784 1457 841 1498 non
854 1441 889 1497 ad
905 1457 971 1496 con·
1025 1439 1145 1495 secteris
1168 1438 1339 1512 perpetrati,
1356 1443 1459 1512 preter
1479 1438 1536 1494 alia
1561 1439 1788 1511 injungendum,
1817 1442 1851 1494 ut

142 1533 290 1589 fusionem
305 1535 398 1601 tuam,
410 1533 461 1589 sed
473 1532 509 1589 ad
522 1531 718 1604 provisionem
730 1531 772 1587 sic
783 1529 970 1602 scripsimus,
1025 1529 1158 1600 cadaver,
1175 1529 1252 1600 quod
1269 1529 1298 1584 in
1315 1544 1459 1584 cameram
1475 1528 1605 1600 episcopi
1621 1527 1851 1584 tecittumulon·

144 1626 177 1677 ut
191 1621 389 1692 severitatem,
404 1636 493 1691 quam
512 1619 543 1675 in
557 1637 624 1677 eum
641 1620 829 1693 postmodum
842 1617 972 1676 auctori·
1026 1617 1215 1687 duminlerri,
1229 1616 1494 1691 propriishumeris
1504 1621 1677 1689 asportaret,
1690 1621 1848 1689 quatenus.

143 1713 204 1767 tate
227 1709 389 1782 apostolica
420 1725 581 1777 exerceres,
604 1708 768 1765 litterarum
800 1710 968 1765 nostrarum
984 1700 1850 1815 Bsicutexeessusejusestnotus,sicpoenitentianotare·

144 1799 290 1872 asperitas
304 1802 467 1868 excusarat,
483 1798 587 1870 atejus
603 1796 812 1871 consanguinei
827 1802 857 1854 et
869 1796 969 1868 amici,
1024 1800 1082 1863 tur,
1099 1813 1135 1853 ne
1152 1796 1278 1852 facilitas
1293 1796 1381 1852 venia
1398 1799 1534 1867 cuiquam
1545 1795 1725 1851 incentivum
1737 1795 1848 1851 tribue-

144 1902 202 1945 non
227 1886 280 1943 tibi
306 1889 357 1944 sed
384 1887 520 1955 nobis,si
545 1887 615 1960 quid
642 1888 752 1943 iaceres
777 1887 966 1959 imputarent.
1022 1884 1846 1958 retdelinqueodi.Monemusigiturfraternitatemtuom

144 1976 297 2046 Praeterea,
313 1993 380 2033 cum
397 1975 516 2050 plurimi
528 1975 729 2048 prelatorum,
743 1977 822 2047 quod
836 1974 968 2032 dolentes
1021 1977 1050 2030 et
1065 1974 1255 2031 exhortamur
1269 1978 1391 2043 attente,
1406 1973 1661 2047 etperapostoliea
1678 1973 1728 2027 tibi
1738 1973 1849 2046 scripta

144 2065 312 2134 referimus,
328 2064 503 2134 nouaclum,
516 2064 675 2137 utlegitur,
685 2066 967 2139 prohibsautasan-
1021 2064 1209 2133 mandamus,
1226 2068 1372 2135 quatenus
1387 2079 1444 2120 non
1460 2062 1685 2119 decidatvultus
1701 2066 1782 2123 tuus.
1793 2079 1848 2119 nec

142 2155 232 2228 guina
248 2171 356 2211 manua
368 2172 449 2217 suas.
466 2157 529 2225 sed,
544 2153 623 2211 velut
638 2154 740 2227 lingna
753 2171 855 2211 eorum
871 2154 967 2210 adhm·
1020 2152 1056 2208 de
1071 2156 1171 2209 nostra
1181 2152 1338 2209 dilectione
1348 2152 1477 2224 diffidas,
1488 2153 1523 2208 de
1535 2169 1594 2224 qua
1605 2155 1686 2208 tanto
1697 2151 1844 2208 confidere

140 2244 214 2301 sarit
231 2244 380 2313 saucibus,
397 2243 466 2300 lacti
480 2249 551 2301 sunt
566 2243 643 2301 sieut
658 2260 746 2301 canes
758 2243 831 2300 muti
849 2261 907 2300 non
918 2261 967 2300 va·
1020 2241 1116 2315 magia
1130 2242 1232 2314 debes,
1248 2246 1358 2315 quanto
1375 2242 1506 2299 severius
1520 2247 1548 2298 te
1562 2241 1701 2297 duximus
1716 2257 1845 2312 arguen-

140 2332 236 2391 lentes
249 2333 371 2403 latrare,
391 2331 458 2389 illos
473 2333 502 2388 in
519 2342 545 2390 te
560 2350 593 2390 ac
609 2350 661 2405 per
675 2338 704 2389 te
719 2332 825 2389 lortius
840 2333 967 2389 excitare
1019 2333 1104 2402 dum,
1132 2348 1200 2388 cum
1229 2332 1344 2388 noveris
1364 2347 1429 2387 esso
1455 2330 1619 2403 scriptum:
1649 2331 1730 2386 Peter
1752 2329 1843 2388 hlium

140 2422 291 2480 soluimus
307 2424 344 2479 ad
359 2422 526 2479 taciendam
542 2422 701 2479 vindictam
715 2422 744 2478 in
761 2421 967 2478 nationibuset
1019 2438 1099 2494 quem
1113 2421 1210 2494 dilipit
1225 2420 1340 2492 corripit
1355 2421 1454 2493 (t’rou.
1471 2420 1525 2492 ιιι),
1543 2424 1598 2476 etc.
1615 2418 1670 2489 Qui
1683 2420 1773 2490 percit
1786 2421 1843 2475 oir-

139 2512 358 2585 increpationes
368 2513 397 2567 in
409 2510 528 2584 populo,
540 2511 576 2567 ad
587 2511 821 2568 annuntiandam
834 2510 967 2583 impieta·
1018 2528 1058 2584 9ae
1075 2511 1167 2582 fitium
1179 2527 1259 2566 suem
1274 2510 1330 2567 odit
1341 2510 1432 2583 (Pron.
1450 2513 1512 2580 nur)
1530 2529 1537 2578 ;
1554 2525 1621 2564 nam
1636 2512 1665 2565 et
1679 2509 1756 2565 Deus
1767 2524 1842 2580 euos

139 2605 199 2659 lam
216 2617 301 2657 suam
317 2600 417 2674 impiis
431 2607 459 2656 et
474 2600 585 2657 scelera
605 2600 767 2667 sceleratis,
783 2601 820 2656 ad
843 2615 966 2656 exeren·
1019 2605 1099 2658 amat
1109 2600 1207 2673 arguit
1217 2604 1245 2657 et
1256 2600 1390 2673 castigat.
1403 2599 1523 2656 Novaria
1534 2598 1635 2671 igitur,
1648 2597 1738 2669 quod,
1750 2615 1842 2669 quan·

141 2690 213 2748 dum
228 2689 308 2747 Patri
327 2688 472 2763 gladium,
496 2704 585 2762 quem
610 2689 716 2762 rubigo
739 2694 966 2762 consumpserat
1018 2695 1199 2763 tumcunqur
1223 2690 1309 2747 verbu
1326 2688 1388 2762 ipsa
1404 2688 1456 2744 tibi
1482 2705 1586 2761 aspera
1600 2688 1768 2754 videantur,
1782 2704 1839 2743 non

141 2780 219 2853 apud
232 2795 293 2848 eos,
305 2780 342 2835 ad
352 2779 512 2836 vindictam
523 2779 746 2835 malefactorum
758 2778 828 2836 lau..
845 2795 906 2836 ..vo
1018 2784 1114 2836 tumen
1130 2777 1384 2851 exindignationis
1396 2776 1656 2846 amaritudine,sed
1672 2776 1707 2832 de
1716 2775 1835 2833 rectitu-

141 2869 239 2926 bo.....
263 2869 337 2939 (510)
350 2872 379 2925 et
399 2868 435 2925 ab
458 2883 532 2940 opus
548 2867 597 2924 Dei
625 2884 684 2924 nou
709 2867 889 2940 negligenter
913 2869 964 2925 sed
1018 2868 1097 2925 dinis
1111 2868 1324 2925 aelecorreotio
1347 2871 1405 2923 tam
1422 2868 1497 2923 dura
1517 2865 1669 2940 processit.
1692 2863 1840 2922 Volumus

141 2957 299 3031 diligenter
309 2956 406 3030 potius
418 2957 629 3030 peragendum,
640 2973 676 3012 nc
685 2956 901 3030 vituperaretur
911 2957 964 3014 mi·
1017 2957 1118 3029 stiam,
1134 2961 1162 3014 et
1177 2957 1366 3028 mandamus,
1376 2960 1417 3023 ut,
1430 2955 1454 3013 si
1465 2971 1552 3029 quem
1571 2971 1721 3011 rancorem
1735 2954 1839 3009 adver-

142 3046 298 3104 nieterium
314 3053 449 3102 nostrum
469 3046 499 3101 in
514 3044 569 3114 eis,
585 3045 610 3101 si
626 3063 684 3102 non
704 3045 845 3117 punirent
859 3046 962 3103 dacae·
1017 3064 1067 3105 sus
1082 3048 1216 3104 eumdem
1243 3046 1414 3120 episcopum
1430 3045 1602 3118 concepisti,
1628 3045 1768 3117 deponas,
1785 3060 1837 3116 pro

140 3141 213 3205 tero,
227 3137 278 3192 sed
294 3134 448 3208 palparent
461 3135 525 3190 vita
540 3134 737 3201 subditorum,
754 3138 782 3190 et
792 3138 871 3192 esset
881 3137 959 3208 apud
976 3119 997 3188 C
1016 3151 1075 3207 quo
1086 3135 1198 3192 veritati
1210 3134 1413 3192 testimenium
1427 3133 1627 3207 perhibemus,
1639 3132 1716 3206 quod
1727 3132 1840 3189 litteras

139 3241 190 3282 eus
204 3224 534 3297 acceptiopersonarum
547 3223 643 3296 ;quia,
659 3228 835 3281 cumuotum
851 3225 962 3281 situni·
1017 3224 1134 3282 anobis
1153 3225 1209 3280 sub
1231 3224 1286 3281 hac
1302 3224 1395 3280 torma
1409 3240 1468 3280 non
1494 3223 1587 3295 petiit,
1603 3223 1653 3280 sed
1677 3223 1713 3279 de
1733 3221 1841 3278 comite

59 3346 66 3353 -
137 3329 222 3374 verso
237 3330 329 3387 regno
347 3314 537 3381 Francorum,
552 3312 630 3383 quod
646 3312 723 3368 intar
737 3312 843 3370 iratres
858 3318 886 3370 et
900 3330 964 3371 coc·

137 3402 403 3476 piscoposnostros
417 3401 570 3476 tespeciali
579 3401 870 3473 quadamdilectiona
880 3420 962 3460 com·

138 3492 306 3566 plectimur,
322 3496 449 3548 etloum
465 3492 592 3564 amplius
606 3491 736 3547 zelamur
746 3491 897 3562 honorem,
911 3510 963 3566 per

139 3580 310 3654 praedictam
335 3580 488 3653 epistolam
514 3579 724 3653 negligentiam
746 3581 961 3654 increpavimus

140 3670 278 3738 aliorum,
295 3668 525 3742 intelligentium
541 3685 593 3742 per
607 3685 638 3725 se
653 3669 745 3742 ipsos,
761 3671 850 3741 quod,
867 3671 892 3727 si
908 3672 960 3727 tilii

141 3775 200 3815 non
218 3761 377 3832 parcimus,
393 3774 446 3814 nec
463 3759 505 3814 eis
520 3757 549 3813 iu
566 3773 635 3813 casu
655 3757 745 3814 simili
761 3775 959 3831 parceremus.

140 3847 226 3916 Nam,
242 3847 293 3920 qui
308 3846 491 3904 naturalibus
503 3847 594 3903 ramis
605 3847 685 3903 olive
701 3864 760 3902 non
771 3849 874 3920 parcit,
885 3866 960 3921 quo·

138 3938 224 3994 modo
235 3941 368 4009 parceret
378 3936 496 3992 oleastri
507 3936 636 3993 surculis
646 3936 791 4009 adoptivis
801 3937 815 3993 ‘t
826 3939 892 3994 lnsu
896 3956 957 4012 per,

137 4040 203 4083 cum
227 4027 296 4084 novi
309 4025 467 4099 languores
482 4042 572 4082 novas
593 4026 711 4098 exigant
733 4027 906 4096 medicinas,
930 4035 959 4085 et

134 4114 302 4173 inauditum
318 4116 358 4173 sit
373 4116 526 4183 hactenus,
544 4120 576 4171 ut
590 4115 697 4188 aliquis
713 4116 753 4172 ita
768 4120 841 4172 dure
856 4122 958 4175 contra

132 4205 288 4262 stimulum
304 4204 481 4273 calcitraret,
506 4210 534 4261 et
554 4204 596 4260 sic
611 4208 781 4276 persecutus
805 4206 956 4263 iucritec·

131 4291 328 4351 elesiasticam
341 4294 542 4366 disciplinam,
559 4299 601 4360 ut,
614 4294 684 4366 quia
699 4294 886 4352 dioecesanus
896 4297 957 4369 epi-

130 4398 248 4457 scopus,
266 4384 451 4457 erigentibus
463 4385 560 4456 culpis
575 4384 650 4456 ejus,
663 4390 768 4441 terram
782 4384 876 4457 ipsius
887 4387 956 4442 eub-

1016 3314 1230 3371 nobistantum
1244 3312 1463 3387 lacrymabilem
1476 3312 1692 3386 querimoniam
1708 3310 1839 3368 destinu-

1016 3403 1065 3460 vit.
1081 3405 1237 3475 Caeterum,
1248 3420 1305 3460 non
1319 3419 1480 3476 possumus
1490 3419 1547 3459 non
1562 3401 1673 3473 mirari,
1683 3401 1760 3474 quod
1772 3417 1838 3457 ver·

1015 3494 1085 3550 bum
1103 3495 1262 3566 quoddam,
1275 3493 1352 3565 quod
1363 3493 1393 3548 in
1406 3491 1512 3548 litteris
1523 3508 1597 3565 quas
1612 3491 1662 3547 tibi
1675 3491 1837 3548 direximus

1015 3583 1189 3653 habebatur,
1205 3583 1325 3655 quidam
1337 3580 1512 3638 charissimo
1528 3581 1558 3637 in
1573 3581 1687 3638 Christo
1703 3580 1764 3635 illio
1781 3596 1836 3637 no·

1014 3678 1087 3743 stro,
1161 3672 1269 3730 illustri
1279 3673 1341 3745 regi
1354 3673 1545 3741 Francorum,
1557 3688 1615 3728 non
1628 3687 1772 3743 exponere
1783 3671 1834 3727 sed

1013 3768 1176 3837 pervertere
1188 3762 1437 3836 praesumpserint,
1448 3766 1585 3833 tanquam
1594 3778 1647 3818 nos
1657 3761 1836 3817 haberemus

1013 3854 1149 3910 eumdem
1161 3870 1249 3926 super
1261 3851 1641 3909 hereticorumdetenstone
1651 3855 1835 3923 suspectum,

1013 3960 1086 4017 quos
1102 3939 1752 4016 scimusipsumpotiusimpugnnre.Verum,
1765 3955 1833 3995 cum

1012 4050 1069 4091 non
1086 4033 1182 4090 selum
1195 4051 1212 4090 a
1227 4032 1316 4102 malo,
1333 4033 1383 4089 sed
1400 4032 1527 4089 abomni
1543 4029 1639 4103 speeie
1651 4029 1719 4086 mati
1734 4028 1834 4101 praeci·

1011 4123 1072 4196 piet
1085 4120 1244 4194 Apostolus
1259 4120 1481 4186 abstinendum,
1505 4118 1597 4176 nevel
1615 4118 1726 4175 inimici
1742 4118 1833 4174 etiam

1010 4212 1087 4284 quod
1104 4211 1133 4266 in
1149 4228 1182 4268 eo
1207 4210 1457 4284 reprehenderent
1470 4208 1647 4279 invenirent,
1671 4206 1833 4272 voluimus,

1010 4306 1052 4369 nt,
1070 4301 1147 4357 sicut
1162 4304 1207 4356 est
1222 4299 1389 4357 immunisa
1403 4299 1501 4373 culpa,
1517 4298 1559 4355 sic
1574 4315 1605 4355 ae
1620 4298 1783 4354 immunem
1796 4297 1833 4353 ab

1008 4391 1131 4446 intamia
1155 4389 1315 4459 exhiberet,
1341 4393 1370 4445 et
1386 4388 1484 4444 taliter
1508 4387 1672 4461 provideret
1693 4389 1833 4460 episcopo

124 4472 237 4544 jecerat
251 4474 417 4542 interdicto,
433 4477 461 4529 et
476 4474 685 4530 decedentibus
701 4475 730 4529 in
746 4478 847 4531 eadem
864 4476 991 4560 eccle-D
1008 4483 1126 4552 proptor
1141 4478 1285 4534 malitiam
1301 4477 1417 4535 comitis
1428 4477 1584 4546 exsulanti,
1603 4480 1635 4533 ut
1648 4493 1699 4551 per
1711 4493 1832 4534 revoca·

128 4564 279 4620 siasticam
295 4563 458 4620 inhibuerit
472 4562 668 4636 sepulturam,
683 4579 828 4620 cameram
841 4565 904 4634 eiua
919 4565 950 4621 in
1005 4570 1114 4624 tionem
1124 4567 1377 4639 ipsiushaereticos
1387 4566 1688 4639 persequivideretur,
1699 4566 1831 4638 quigau·

126 4653 327 4710 cmmeterium
339 4655 475 4720 verterat,
492 4658 521 4707 et
535 4653 564 4707 in
578 4668 613 4708 ea
627 4657 811 4709 mortuorum
827 4669 950 4727 corpora
1004 4659 1087 4714 dium
1103 4673 1190 4714 suum
1206 4657 1271 4728 ejus
1286 4655 1420 4713 exsilium
1435 4655 1619 4729 reputabunt.
1636 4654 1831 4711 Personaliter

125 4742 274 4814 sepeliret,
290 4757 358 4799 cum
374 4741 503 4815 prompti
514 4758 659 4810 essemus,
670 4746 699 4797 et
713 4742 855 4799 vellemus
866 4749 892 4800 te
906 4744 949 4800 si·
1003 4747 1095 4819 igitur
1109 4748 1252 4803 accadens
1262 4746 1297 4802 ad
1310 4761 1421 4819 regem,
1432 4744 1559 4801 fideliter
1569 4743 1710 4801 cimentis
1720 4747 1828 4801 nostrm

30 4834 33 4839 '
124 4830 949 4904 militaressepromptum,tantampraesumptionemui·
1003 4837 1160 4910 puritatem
1185 4851 1325 4906 exponas,
1351 4839 1380 4891 et
1395 4835 1432 4891 ab
1451 4833 1599 4891 intellectu
1616 4833 1666 4889 illo
1691 4850 1826 4904 perverso

120 4919 202 4991 uisci,
216 4927 245 4977 et
260 4938 288 4976 in
307 4925 548 4993 presumptorem
565 4920 749 4977 severitatem
765 4920 946 4977 ecclesiasti·
1002 4926 1123 4982 studeas
1139 4940 1284 4995 revocare,
1300 4941 1445 4980 excusans
1463 4924 1634 4997 pradictum
1650 4924 1824 4996 episcopum

119 5022 185 5065 com
205 5011 337 5067 severius
352 5025 498 5077 exercere,
514 5009 543 5065 in
568 5015 596 5065 te
612 5010 685 5066 dura
704 5010 945 5082 reprehendimus
999 5015 1076 5087 apud
1093 5031 1173 5080 eum,
1190 5031 1258 5071 cum
1272 5030 1328 5071 non
1344 5014 1380 5071 ad
1399 5012 1571 5087 petitionem
1587 5014 1682 5084 ipsius
1697 5013 1821 5070 verbum

118 5097 327 5172 negligentiam
340 5100 564 5174 precedentem,
579 5115 614 5155 ne
626 5100 798 5155 mandatum
811 5109 944 5157 nostrum
999 5103 1073 5160 illud
1090 5104 1179 5161 luerit
1193 5102 1300 5160 litteris
1326 5103 1496 5160 memoratis
1512 5103 1668 5160 insertum.
1685 5102 1822 5170 Demum,

118 5187 282 5261 negligeres
307 5188 480 5261 adimplere.
508 5188 600 5244 {labet
631 5189 710 5243 enim
740 5187 944 5260 redarguentis
998 5192 1067 5249 licat
1081 5195 1115 5249 ad
1132 5191 1362 5250 consolationem
1373 5197 1457 5248 tuam
1474 5191 1693 5264 prasentestibi
1709 5191 1824 5248 litteras

115 5293 212 5334 sermo
228 5277 295 5350 plus
310 5278 434 5352 energia
450 5294 539 5350 quam
555 5275 713 5341 monentis.
743 5281 770 5333 et
785 5277 820 5333 ad
837 5294 944 5351 paren·
998 5282 1173 5358 dirigamus,
1190 5299 1226 5339 ne
1242 5281 1334 5338 nimia
1355 5281 1427 5338 ioris
1442 5282 1566 5339 tristitia
1587 5286 1673 5337 tuum
1688 5281 1822 5338 animum

114 5365 186 5423 dum
203 5371 300 5425 movet
308 5367 438 5441 amptius
453 5366 629 5436 auditorem,
646 5365 716 5439 quia
739 5381 772 5423 aa
787 5366 943 5440 quaevelut
997 5373 1176 5442 absorberet,
1192 5371 1324 5445 priorum
1340 5374 1440 5428 tamen
1458 5374 1488 5428 ta
1500 5371 1638 5429 velumus
1661 5370 1820 5429 recordari.

143 5584 219 5656 (5t0)
234 5584 282 5642 Sic
297 5582 328 5640 in
344 5582 524 5657 apographis
539 5581 683 5641 Vaticano
698 5588 727 5641 et
741 5583 836 5642 Genti.

1030 5585 1105 5660 (511)
1120 5586 1169 5644 Sic
1183 5585 1214 5644 in
1229 5582 1408 5659 apographis
1422 5583 1563 5673 Vaticano
1580 5587 1610 5643 et
1624 5587 1717 5645 conti.
