<?xml version="1.0" encoding="UTF-8"?>
<!DOCTYPE html PUBLIC "-//W3C//DTD XHTML 1.0 Transitional//EN"
    "http://www.w3.org/TR/xhtml1/DTD/xhtml1-transitional.dtd">
<html xmlns="http://www.w3.org/1999/xhtml" xml:lang="en" lang="en">
 <head>
  <title>
</title>
<meta http-equiv="Content-Type" content="text/html;charset=utf-8" />
  <meta name='ocr-system' content='tesseract 3.04.00' />
  <meta name='ocr-capabilities' content='ocr_page ocr_carea ocr_par ocr_line ocrx_word'/>
</head>
<body>
  <div class='ocr_page' id='page_1' title='image "./patrologiaecurs41unkngoog/patrologiaecurs41unkngoog_0742.png"; bbox 0 0 3780 6000; ppageno 0'>
   <div class='ocr_carea' id='block_1_1' title="bbox 83 249 1293 322">
    <p class='ocr_par' dir='ltr' id='par_1_1' title="bbox 83 249 1293 322">
     <span class='ocr_line' id='line_1_1' title="bbox 83 249 1293 322; baseline 0 -15"><span class='ocrx_word' id='word_1_1' title='bbox 83 251 156 307; x_wconf 73' lang='lat'><strong>1⁴73</strong></span> <span class='ocrx_word' id='word_1_2' title='bbox 584 250 845 309; x_wconf 69' lang='lat' dir='ltr'><strong>mustulentus</strong></span> <span class='ocrx_word' id='word_1_3' title='bbox 862 251 963 309; x_wconf 75' lang='grc' dir='ltr'>ΑΝΝΟ</span> <span class='ocrx_word' id='word_1_4' title='bbox 980 251 1032 322; x_wconf 85' lang='lat' dir='ltr'><strong>x1,</strong></span> <span class='ocrx_word' id='word_1_5' title='bbox 1051 251 1194 309; x_wconf 70' lang='lat' dir='ltr'><strong>OEsslfl&#39;l&#39;i</strong></span> <span class='ocrx_word' id='word_1_6' title='bbox 1213 249 1293 307; x_wconf 80' lang='lat'><strong>1208.</strong></span> 
     </span>
    </p>
   </div>
   <div class='ocr_carea' id='block_1_2' title="bbox 43 374 1847 3747">
    <p class='ocr_par' dir='ltr' id='par_1_2' title="bbox 43 374 1847 3747">
     <span class='ocr_line' id='line_1_2' title="bbox 44 374 1435 450; baseline -0.001 -17"><span class='ocrx_word' id='word_1_7' title='bbox 44 384 56 421; x_wconf 59' lang='lat' dir='ltr'><strong>l</strong></span> <span class='ocrx_word' id='word_1_8' title='bbox 81 377 197 433; x_wconf 77' lang='lat' dir='ltr'><strong>tentim</strong></span> <span class='ocrx_word' id='word_1_9' title='bbox 221 380 250 432; x_wconf 89' lang='lat' dir='ltr'><strong>et</strong></span> <span class='ocrx_word' id='word_1_10' title='bbox 273 376 437 445; x_wconf 76' lang='lat' dir='ltr'><strong>hortamur,</strong></span> <span class='ocrx_word' id='word_1_11' title='bbox 466 392 517 448; x_wconf 91' lang='lat' dir='ltr'><strong>per</strong></span> <span class='ocrx_word' id='word_1_12' title='bbox 541 375 705 450; x_wconf 85' lang='lat' dir='ltr'><strong>apostolica</strong></span> <span class='ocrx_word' id='word_1_13' title='bbox 728 375 781 432; x_wconf 87' lang='lat' dir='ltr'><strong>tibi</strong></span> <span class='ocrx_word' id='word_1_14' title='bbox 802 375 914 448; x_wconf 89' lang='lat' dir='ltr'><strong>scripte</strong></span> <span class='ocrx_word' id='word_1_15' title='bbox 927 378 956 447; x_wconf 63' lang='grc' dir='ltr'><strong>Α</strong></span> <span class='ocrx_word' id='word_1_16' title='bbox 1331 374 1435 432; x_wconf 79' lang='lat' dir='ltr'>CLXV.</span> 
     </span>
     <span class='ocr_line' id='line_1_3' title="bbox 49 463 1754 537; baseline 0.002 -17"><span class='ocrx_word' id='word_1_17' title='bbox 49 482 56 513; x_wconf 82' lang='lat'>2</span> <span class='ocrx_word' id='word_1_18' title='bbox 83 465 263 522; x_wconf 72' lang='lat' dir='ltr'><strong>mandantes</strong></span> <span class='ocrx_word' id='word_1_19' title='bbox 279 470 427 536; x_wconf 88' lang='lat' dir='ltr'><strong>quatenus</strong></span> <span class='ocrx_word' id='word_1_20' title='bbox 442 464 544 536; x_wconf 80' lang='lat' dir='ltr'><strong>gratiae</strong></span> <span class='ocrx_word' id='word_1_21' title='bbox 567 481 657 537; x_wconf 86' lang='lat' dir='ltr'><strong>quam</strong></span> <span class='ocrx_word' id='word_1_22' title='bbox 671 465 723 520; x_wconf 92' lang='lat' dir='ltr'><strong>tibi</strong></span> <span class='ocrx_word' id='word_1_23' title='bbox 738 463 839 520; x_wconf 89' lang='lat' dir='ltr'><strong>lecerit</strong></span> <span class='ocrx_word' id='word_1_24' title='bbox 854 480 912 520; x_wconf 93' lang='lat' dir='ltr'><strong>non</strong></span> <span class='ocrx_word' id='word_1_25' title='bbox 1002 481 1211 522; x_wconf 73' lang='lat' dir='ltr'><strong>arcionensem</strong></span> <span class='ocrx_word' id='word_1_26' title='bbox 1225 480 1448 522; x_wconf 81' lang='lat' dir='ltr'><strong>ascursrrsuoro</strong></span> <span class='ocrx_word' id='word_1_27' title='bbox 1463 481 1487 521; x_wconf 88' lang='lat' dir='ltr'><strong>s.</strong></span> <span class='ocrx_word' id='word_1_28' title='bbox 1504 482 1533 522; x_wconf 81' lang='lat' dir='ltr'><strong>e.</strong></span> <span class='ocrx_word' id='word_1_29' title='bbox 1549 482 1574 521; x_wconf 85' lang='lat' dir='ltr'><strong>s.</strong></span> <span class='ocrx_word' id='word_1_30' title='bbox 1590 481 1754 524; x_wconf 78' lang='lat' dir='ltr'><strong>caanumu.</strong></span> 
     </span>
     <span class='ocr_line' id='line_1_4' title="bbox 49 553 1612 627; baseline 0.003 -22"><span class='ocrx_word' id='word_1_31' title='bbox 49 570 57 605; x_wconf 91' lang='grc'>;</span> <span class='ocrx_word' id='word_1_32' title='bbox 84 554 233 627; x_wconf 81' lang='lat' dir='ltr'><strong>ingratus,</strong></span> <span class='ocrx_word' id='word_1_33' title='bbox 252 554 350 626; x_wconf 92' lang='lat' dir='ltr'><strong>ipsum</strong></span> <span class='ocrx_word' id='word_1_34' title='bbox 366 553 475 610; x_wconf 88' lang='lat' dir='ltr'><strong>habeas</strong></span> <span class='ocrx_word' id='word_1_35' title='bbox 491 553 521 609; x_wconf 92' lang='lat' dir='ltr'><strong>in</strong></span> <span class='ocrx_word' id='word_1_36' title='bbox 538 570 572 609; x_wconf 91' lang='lat' dir='ltr'><strong>oa</strong></span> <span class='ocrx_word' id='word_1_37' title='bbox 587 554 750 610; x_wconf 85' lang='lat' dir='ltr'><strong>reverentia</strong></span> <span class='ocrx_word' id='word_1_38' title='bbox 764 553 913 610; x_wconf 86' lang='lat' dir='ltr'><strong>ethonore</strong></span> <span class='ocrx_word' id='word_1_39' title='bbox 1144 555 1183 610; x_wconf 80' lang='lat' dir='ltr'><strong>lle</strong></span> <span class='ocrx_word' id='word_1_40' title='bbox 1196 554 1287 626; x_wconf 70' lang='lat' dir='ltr'><strong>tradis</strong></span> <span class='ocrx_word' id='word_1_41' title='bbox 1307 553 1464 612; x_wconf 76' lang='lat' dir='ltr'><strong>alienandis</strong></span> <span class='ocrx_word' id='word_1_42' title='bbox 1486 553 1532 611; x_wconf 81' lang='lat' dir='ltr'><strong>ccl</strong></span> <span class='ocrx_word' id='word_1_43' title='bbox 1545 570 1612 611; x_wconf 81' lang='lat' dir='ltr'><strong>oca.</strong></span> 
     </span>
     <span class='ocr_line' id='line_1_5' title="bbox 43 641 1631 720; baseline 0.006 -27"><span class='ocrx_word' id='word_1_44' title='bbox 43 660 53 693; x_wconf 82' lang='lat'><strong>.=</strong></span> <span class='ocrx_word' id='word_1_45' title='bbox 85 641 118 697; x_wconf 93' lang='lat' dir='ltr'><strong>in</strong></span> <span class='ocrx_word' id='word_1_46' title='bbox 133 659 192 714; x_wconf 90' lang='lat' dir='ltr'><strong>qna</strong></span> <span class='ocrx_word' id='word_1_47' title='bbox 202 659 270 698; x_wconf 89' lang='lat' dir='ltr'><strong>cum</strong></span> <span class='ocrx_word' id='word_1_48' title='bbox 280 643 356 699; x_wconf 87' lang='lat' dir='ltr'><strong>iores</strong></span> <span class='ocrx_word' id='word_1_49' title='bbox 364 643 533 714; x_wconf 88' lang='lat' dir='ltr'><strong>juramento</strong></span> <span class='ocrx_word' id='word_1_50' title='bbox 544 642 673 716; x_wconf 76' lang='lat' dir='ltr'><strong>praestito</strong></span> <span class='ocrx_word' id='word_1_51' title='bbox 683 641 851 710; x_wconf 86' lang='lat' dir='ltr'><strong>habiturus,</strong></span> <span class='ocrx_word' id='word_1_52' title='bbox 863 657 912 697; x_wconf 88' lang='lat' dir='ltr'><strong>ex·</strong></span> <span class='ocrx_word' id='word_1_53' title='bbox 1126 645 1296 718; x_wconf 77' lang='lat' dir='ltr'>(Ferentini,</span> <span class='ocrx_word' id='word_1_54' title='bbox 1321 661 1340 700; x_wconf 88' lang='lat' dir='ltr'>x</span> <span class='ocrx_word' id='word_1_55' title='bbox 1353 645 1416 701; x_wconf 83' lang='lat' dir='ltr'><strong>Kal.</strong></span> <span class='ocrx_word' id='word_1_56' title='bbox 1439 645 1631 720; x_wconf 86' lang='lat' dir='ltr'><strong>Novembris.)</strong></span> 
     </span>
     <span class='ocr_line' id='line_1_6' title="bbox 44 729 1791 808; baseline 0.003 -21"><span class='ocrx_word' id='word_1_57' title='bbox 44 751 58 787; x_wconf 74' lang='lat' dir='ltr'><strong>a</strong></span> <span class='ocrx_word' id='word_1_58' title='bbox 87 730 192 788; x_wconf 90' lang='lat' dir='ltr'><strong>hihitis</strong></span> <span class='ocrx_word' id='word_1_59' title='bbox 207 731 246 801; x_wconf 88' lang='lat' dir='ltr'><strong>ei,</strong></span> <span class='ocrx_word' id='word_1_60' title='bbox 261 730 286 788; x_wconf 90' lang='lat' dir='ltr'><strong>si</strong></span> <span class='ocrx_word' id='word_1_61' title='bbox 303 731 438 800; x_wconf 89' lang='lat' dir='ltr'><strong>voluerit,</strong></span> <span class='ocrx_word' id='word_1_62' title='bbox 450 733 486 788; x_wconf 92' lang='lat' dir='ltr'><strong>ad</strong></span> <span class='ocrx_word' id='word_1_63' title='bbox 499 734 642 805; x_wconf 88' lang='lat' dir='ltr'><strong>majorem</strong></span> <span class='ocrx_word' id='word_1_64' title='bbox 651 732 797 789; x_wconf 86' lang='lat' dir='ltr'><strong>cautelam</strong></span> <span class='ocrx_word' id='word_1_65' title='bbox 807 729 914 788; x_wconf 86' lang='lat' dir='ltr'><strong>litteris</strong></span> <span class='ocrx_word' id='word_1_66' title='bbox 1002 734 1061 807; x_wconf 83' lang='lat'>(82)</span> <span class='ocrx_word' id='word_1_67' title='bbox 1076 734 1117 791; x_wconf 79' lang='lat' dir='ltr'><strong>Fr</strong></span> <span class='ocrx_word' id='word_1_68' title='bbox 1140 738 1224 807; x_wconf 89' lang='lat' dir='ltr'><strong>parte</strong></span> <span class='ocrx_word' id='word_1_69' title='bbox 1238 741 1289 790; x_wconf 91' lang='lat' dir='ltr'><strong>tua</strong></span> <span class='ocrx_word' id='word_1_70' title='bbox 1305 742 1405 790; x_wconf 88' lang='lat' dir='ltr'><strong>nostro</strong></span> <span class='ocrx_word' id='word_1_71' title='bbox 1419 738 1465 790; x_wconf 86' lang='lat' dir='ltr'><strong>est</strong></span> <span class='ocrx_word' id='word_1_72' title='bbox 1487 734 1665 808; x_wconf 89' lang='lat' dir='ltr'><strong>apostolatui</strong></span> <span class='ocrx_word' id='word_1_73' title='bbox 1681 752 1791 793; x_wconf 85' lang='lat' dir='ltr'><strong>rescra-</strong></span> 
     </span>
     <span class='ocr_line' id='line_1_7' title="bbox 43 823 1792 899; baseline 0.003 -22"><span class='ocrx_word' id='word_1_74' title='bbox 43 842 50 875; x_wconf 78' lang='grc' dir='ltr'><strong><em>ε</em></strong></span> <span class='ocrx_word' id='word_1_75' title='bbox 87 825 161 892; x_wconf 89' lang='lat' dir='ltr'><strong>tuis,</strong></span> <span class='ocrx_word' id='word_1_76' title='bbox 178 823 207 880; x_wconf 95' lang='lat' dir='ltr'><strong>in</strong></span> <span class='ocrx_word' id='word_1_77' title='bbox 225 823 334 897; x_wconf 89' lang='lat' dir='ltr'><strong>quibus</strong></span> <span class='ocrx_word' id='word_1_78' title='bbox 354 825 500 896; x_wconf 89' lang='lat' dir='ltr'><strong>spondeas</strong></span> <span class='ocrx_word' id='word_1_79' title='bbox 514 829 544 881; x_wconf 88' lang='lat' dir='ltr'><strong>et</strong></span> <span class='ocrx_word' id='word_1_80' title='bbox 563 825 717 898; x_wconf 86' lang='lat' dir='ltr'><strong>promittas</strong></span> <span class='ocrx_word' id='word_1_81' title='bbox 736 824 816 898; x_wconf 89' lang='lat' dir='ltr'><strong>quod</strong></span> <span class='ocrx_word' id='word_1_82' title='bbox 832 828 861 880; x_wconf 89' lang='lat' dir='ltr'><strong>et</strong></span> <span class='ocrx_word' id='word_1_83' title='bbox 877 824 914 880; x_wconf 88' lang='lat' dir='ltr'><strong>ad</strong></span> <span class='ocrx_word' id='word_1_84' title='bbox 966 828 1030 881; x_wconf 88' lang='lat' dir='ltr'><strong>tum</strong></span> <span class='ocrx_word' id='word_1_85' title='bbox 1050 823 1127 895; x_wconf 88' lang='lat' dir='ltr'><strong>quod</strong></span> <span class='ocrx_word' id='word_1_86' title='bbox 1147 823 1256 895; x_wconf 76' lang='lat' dir='ltr'><strong>sepius</strong></span> <span class='ocrx_word' id='word_1_87' title='bbox 1278 823 1421 879; x_wconf 90' lang='lat' dir='ltr'><strong>dubitasti</strong></span> <span class='ocrx_word' id='word_1_88' title='bbox 1438 828 1538 879; x_wconf 89' lang='lat' dir='ltr'><strong>utrum</strong></span> <span class='ocrx_word' id='word_1_89' title='bbox 1554 840 1622 882; x_wconf 88' lang='lat' dir='ltr'><strong>eum</strong></span> <span class='ocrx_word' id='word_1_90' title='bbox 1647 825 1792 899; x_wconf 77' lang='lat' dir='ltr'><strong>contingit</strong></span> 
     </span>
     <span class='ocr_line' id='line_1_8' title="bbox 43 911 1793 988; baseline 0.002 -19"><span class='ocrx_word' id='word_1_91' title='bbox 43 934 54 969; x_wconf 73' lang='lat' dir='ltr'><strong>r</strong></span> <span class='ocrx_word' id='word_1_92' title='bbox 87 914 261 970; x_wconf 87' lang='lat' dir='ltr'><strong>mandatum</strong></span> <span class='ocrx_word' id='word_1_93' title='bbox 278 919 411 970; x_wconf 91' lang='lat' dir='ltr'><strong>nostrum</strong></span> <span class='ocrx_word' id='word_1_94' title='bbox 428 917 743 986; x_wconf 90' lang='lat' dir='ltr'><strong>temporeopportuno,</strong></span> <span class='ocrx_word' id='word_1_95' title='bbox 758 912 916 970; x_wconf 85' lang='lat' dir='ltr'><strong>sinecesse</strong></span> <span class='ocrx_word' id='word_1_96' title='bbox 966 919 1052 970; x_wconf 88' lang='lat' dir='ltr'><strong>tuum</strong></span> <span class='ocrx_word' id='word_1_97' title='bbox 1067 911 1228 969; x_wconf 71' lang='lat' dir='ltr'><strong>vassallum</strong></span> <span class='ocrx_word' id='word_1_98' title='bbox 1254 912 1393 970; x_wconf 87' lang='lat' dir='ltr'><strong>decedere</strong></span> <span class='ocrx_word' id='word_1_99' title='bbox 1408 917 1437 970; x_wconf 91' lang='lat' dir='ltr'><strong>et</strong></span> <span class='ocrx_word' id='word_1_100' title='bbox 1450 914 1487 968; x_wconf 86' lang='lat' dir='ltr'><strong>ed</strong></span> <span class='ocrx_word' id='word_1_101' title='bbox 1503 918 1532 969; x_wconf 89' lang='lat' dir='ltr'><strong>to</strong></span> <span class='ocrx_word' id='word_1_102' title='bbox 1555 914 1677 971; x_wconf 84' lang='lat' dir='ltr'><strong>lendum</strong></span> <span class='ocrx_word' id='word_1_103' title='bbox 1698 914 1793 988; x_wconf 84' lang='lat' dir='ltr'><strong>ipsius</strong></span> 
     </span>
     <span class='ocr_line' id='line_1_9' title="bbox 43 1000 1793 1077; baseline 0.002 -18"><span class='ocrx_word' id='word_1_104' title='bbox 43 1024 53 1059; x_wconf 77' lang='lat' dir='ltr'><strong>s</strong></span> <span class='ocrx_word' id='word_1_105' title='bbox 88 1002 368 1072; x_wconf 82' lang='lat' dir='ltr'><strong>luerit,fldelitatem</strong></span> <span class='ocrx_word' id='word_1_106' title='bbox 378 1003 572 1059; x_wconf 90' lang='lat' dir='ltr'><strong>sibidebitam</strong></span> <span class='ocrx_word' id='word_1_107' title='bbox 583 1001 745 1073; x_wconf 77' lang='lat' dir='ltr'>exhibebis,</span> <span class='ocrx_word' id='word_1_108' title='bbox 757 1000 914 1059; x_wconf 88' lang='lat' dir='ltr'><strong>etinterim</strong></span> <span class='ocrx_word' id='word_1_109' title='bbox 968 1001 1073 1071; x_wconf 89' lang='lat' dir='ltr'><strong>redire,</strong></span> <span class='ocrx_word' id='word_1_110' title='bbox 1090 1002 1212 1057; x_wconf 78' lang='lat' dir='ltr'><strong>leuduni</strong></span> <span class='ocrx_word' id='word_1_111' title='bbox 1228 1003 1293 1074; x_wconf 88' lang='lat' dir='ltr'><strong>ejus</strong></span> <span class='ocrx_word' id='word_1_112' title='bbox 1307 1001 1356 1057; x_wconf 87' lang='lat' dir='ltr'><strong>alii</strong></span> <span class='ocrx_word' id='word_1_113' title='bbox 1373 1001 1459 1059; x_wconf 86' lang='lat' dir='ltr'><strong>liceat</strong></span> <span class='ocrx_word' id='word_1_114' title='bbox 1474 1003 1527 1060; x_wconf 91' lang='lat' dir='ltr'><strong>tibi</strong></span> <span class='ocrx_word' id='word_1_115' title='bbox 1543 1003 1623 1075; x_wconf 86' lang='lat' dir='ltr'><strong>dare,</strong></span> <span class='ocrx_word' id='word_1_116' title='bbox 1635 1007 1793 1077; x_wconf 74' lang='lat' dir='ltr'><strong>comitare-</strong></span> 
     </span>
     <span class='ocr_line' id='line_1_10' title="bbox 45 1089 1793 1164; baseline 0.002 -16"><span class='ocrx_word' id='word_1_117' title='bbox 45 1102 48 1106; x_wconf 84' lang='lat'>&#39;</span> <span class='ocrx_word' id='word_1_118' title='bbox 88 1091 116 1148; x_wconf 91' lang='lat' dir='ltr'><strong>ei</strong></span> <span class='ocrx_word' id='word_1_119' title='bbox 131 1092 579 1162; x_wconf 87' lang='lat' dir='ltr'><strong>obedientiamstraverentiarn,</strong></span> <span class='ocrx_word' id='word_1_120' title='bbox 592 1089 915 1164; x_wconf 85' lang='lat' dir='ltr'><strong>acsilldelitatempraa·</strong></span> <span class='ocrx_word' id='word_1_121' title='bbox 968 1097 1067 1148; x_wconf 87' lang='lat' dir='ltr'><strong>mento</strong></span> <span class='ocrx_word' id='word_1_122' title='bbox 1087 1091 1216 1148; x_wconf 86' lang='lat' dir='ltr'><strong>tenearis</strong></span> <span class='ocrx_word' id='word_1_123' title='bbox 1230 1091 1370 1148; x_wconf 88' lang='lat' dir='ltr'><strong>astrictus</strong></span> <span class='ocrx_word' id='word_1_124' title='bbox 1394 1108 1453 1149; x_wconf 92' lang='lat' dir='ltr'><strong>non</strong></span> <span class='ocrx_word' id='word_1_125' title='bbox 1474 1092 1626 1150; x_wconf 76' lang='lat' dir='ltr'><strong>infeudare</strong></span> <span class='ocrx_word' id='word_1_126' title='bbox 1649 1094 1686 1150; x_wconf 88' lang='lat' dir='ltr'><strong>de</strong></span> <span class='ocrx_word' id='word_1_127' title='bbox 1709 1110 1793 1162; x_wconf 89' lang='lat' dir='ltr'><strong>novo,</strong></span> 
     </span>
     <span class='ocr_line' id='line_1_11' title="bbox 43 1179 1793 1255; baseline 0.003 -18"><span class='ocrx_word' id='word_1_128' title='bbox 43 1205 52 1243; x_wconf 76' lang='grc' dir='ltr'>ι</span> <span class='ocrx_word' id='word_1_129' title='bbox 88 1181 229 1249; x_wconf 90' lang='lat' dir='ltr'><strong>stitisses,</strong></span> <span class='ocrx_word' id='word_1_130' title='bbox 239 1181 411 1253; x_wconf 86' lang='lat' dir='ltr'><strong>impendee;</strong></span> <span class='ocrx_word' id='word_1_131' title='bbox 428 1180 554 1237; x_wconf 88' lang='lat' dir='ltr'><strong>sollicite</strong></span> <span class='ocrx_word' id='word_1_132' title='bbox 568 1180 746 1255; x_wconf 89' lang='lat' dir='ltr'><strong>providendo</strong></span> <span class='ocrx_word' id='word_1_133' title='bbox 758 1183 791 1236; x_wconf 89' lang='lat' dir='ltr'><strong>ut</strong></span> <span class='ocrx_word' id='word_1_134' title='bbox 804 1180 914 1251; x_wconf 73' lang='lat' dir='ltr'><strong>degra-</strong></span> <span class='ocrx_word' id='word_1_135' title='bbox 968 1181 1100 1236; x_wconf 87' lang='lat' dir='ltr'><strong>Romano</strong></span> <span class='ocrx_word' id='word_1_136' title='bbox 1111 1180 1249 1253; x_wconf 82' lang='lat' dir='ltr'><strong>pontifice</strong></span> <span class='ocrx_word' id='word_1_137' title='bbox 1261 1179 1439 1238; x_wconf 91' lang='lat' dir='ltr'><strong>inconsulto.</strong></span> <span class='ocrx_word' id='word_1_138' title='bbox 1451 1182 1494 1238; x_wconf 83' lang='lat' dir='ltr'><strong>ad</strong></span> <span class='ocrx_word' id='word_1_139' title='bbox 1507 1182 1578 1250; x_wconf 81' lang='lat' dir='ltr'><strong>hec,</strong></span> <span class='ocrx_word' id='word_1_140' title='bbox 1594 1183 1619 1238; x_wconf 93' lang='lat' dir='ltr'><strong>si</strong></span> <span class='ocrx_word' id='word_1_141' title='bbox 1628 1180 1793 1243; x_wconf 85' lang='lat' dir='ltr'><strong>vassallum</strong></span> 
     </span>
     <span class='ocr_line' id='line_1_12' title="bbox 43 1269 1792 1345; baseline 0.003 -21"><span class='ocrx_word' id='word_1_142' title='bbox 43 1296 50 1305; x_wconf 94' lang='lat'>-</span> <span class='ocrx_word' id='word_1_143' title='bbox 87 1269 134 1325; x_wconf 81' lang='lat' dir='ltr'><strong>tie</strong></span> <span class='ocrx_word' id='word_1_144' title='bbox 150 1275 257 1327; x_wconf 80' lang='lat' dir='ltr'><strong>nostre</strong></span> <span class='ocrx_word' id='word_1_145' title='bbox 272 1269 599 1327; x_wconf 87' lang='lat' dir='ltr'><strong>lavoreaecurustalem</strong></span> <span class='ocrx_word' id='word_1_146' title='bbox 614 1286 685 1343; x_wconf 82' lang='lat' dir='ltr'><strong>erga</strong></span> <span class='ocrx_word' id='word_1_147' title='bbox 700 1287 754 1326; x_wconf 92' lang='lat' dir='ltr'><strong>nos</strong></span> <span class='ocrx_word' id='word_1_148' title='bbox 768 1272 798 1326; x_wconf 86' lang='lat' dir='ltr'><strong>et</strong></span> <span class='ocrx_word' id='word_1_149' title='bbox 809 1269 915 1325; x_wconf 86' lang='lat' dir='ltr'><strong>itoma-</strong></span> <span class='ocrx_word' id='word_1_150' title='bbox 968 1273 1052 1325; x_wconf 92' lang='lat' dir='ltr'><strong>tuum</strong></span> <span class='ocrx_word' id='word_1_151' title='bbox 1069 1270 1189 1326; x_wconf 87' lang='lat' dir='ltr'><strong>lendum</strong></span> <span class='ocrx_word' id='word_1_152' title='bbox 1205 1269 1335 1327; x_wconf 84' lang='lat' dir='ltr'><strong>alienare</strong></span> <span class='ocrx_word' id='word_1_153' title='bbox 1357 1271 1519 1344; x_wconf 80' lang='lat' dir='ltr'><strong>contingat,</strong></span> <span class='ocrx_word' id='word_1_154' title='bbox 1536 1289 1571 1328; x_wconf 89' lang='lat' dir='ltr'><strong>an</strong></span> <span class='ocrx_word' id='word_1_155' title='bbox 1587 1271 1683 1345; x_wconf 92' lang='lat' dir='ltr'><strong>ipsius</strong></span> <span class='ocrx_word' id='word_1_156' title='bbox 1698 1272 1792 1330; x_wconf 88' lang='lat' dir='ltr'><strong>lilium</strong></span> 
     </span>
     <span class='ocr_line' id='line_1_13' title="bbox 43 1357 1795 1432; baseline 0.002 -17"><span class='ocrx_word' id='word_1_157' title='bbox 43 1386 50 1423; x_wconf 77' lang='lat'><strong>:-</strong></span> <span class='ocrx_word' id='word_1_158' title='bbox 88 1375 157 1415; x_wconf 92' lang='lat' dir='ltr'><strong>nam</strong></span> <span class='ocrx_word' id='word_1_159' title='bbox 174 1358 334 1416; x_wconf 82' lang='lat' dir='ltr'><strong>Ecclesiam</strong></span> <span class='ocrx_word' id='word_1_160' title='bbox 350 1363 468 1432; x_wconf 82' lang='lat' dir='ltr'><strong>satagas</strong></span> <span class='ocrx_word' id='word_1_161' title='bbox 483 1365 512 1415; x_wconf 91' lang='lat' dir='ltr'><strong>te</strong></span> <span class='ocrx_word' id='word_1_162' title='bbox 527 1359 636 1416; x_wconf 85' lang='lat' dir='ltr'><strong>habere</strong></span> <span class='ocrx_word' id='word_1_163' title='bbox 651 1359 728 1432; x_wconf 89' lang='lat' dir='ltr'><strong>quod</strong></span> <span class='ocrx_word' id='word_1_164' title='bbox 750 1357 800 1431; x_wconf 88' lang='lat' dir='ltr'><strong>qui</strong></span> <span class='ocrx_word' id='word_1_165' title='bbox 817 1362 915 1413; x_wconf 89' lang='lat' dir='ltr'><strong>tecum</strong></span> <span class='ocrx_word' id='word_1_166' title='bbox 967 1359 1011 1416; x_wconf 84' lang='lat' dir='ltr'><strong>rel</strong></span> <span class='ocrx_word' id='word_1_167' title='bbox 1036 1359 1291 1432; x_wconf 78' lang='lat' dir='ltr'><strong>consanguineum</strong></span> <span class='ocrx_word' id='word_1_168' title='bbox 1315 1365 1481 1416; x_wconf 75' lang='lat' dir='ltr'><strong>consortem</strong></span> <span class='ocrx_word' id='word_1_169' title='bbox 1503 1361 1635 1432; x_wconf 83' lang='lat' dir='ltr'><strong>ejusdem</strong></span> <span class='ocrx_word' id='word_1_170' title='bbox 1657 1361 1737 1417; x_wconf 85' lang='lat' dir='ltr'><strong>feudi</strong></span> <span class='ocrx_word' id='word_1_171' title='bbox 1757 1362 1795 1419; x_wconf 91' lang='lat' dir='ltr'><strong>de</strong></span> 
     </span>
     <span class='ocr_line' id='line_1_14' title="bbox 43 1446 1795 1522; baseline 0.003 -20"><span class='ocrx_word' id='word_1_172' title='bbox 43 1480 49 1515; x_wconf 83' lang='lat'><strong>;.</strong></span> <span class='ocrx_word' id='word_1_173' title='bbox 88 1447 261 1505; x_wconf 88' lang='lat' dir='ltr'><strong>inveritate</strong></span> <span class='ocrx_word' id='word_1_174' title='bbox 288 1448 486 1521; x_wconf 81' lang='lat' dir='ltr'><strong>procedimus,</strong></span> <span class='ocrx_word' id='word_1_175' title='bbox 512 1465 547 1505; x_wconf 90' lang='lat' dir='ltr'><strong>eo</strong></span> <span class='ocrx_word' id='word_1_176' title='bbox 562 1449 640 1520; x_wconf 92' lang='lat' dir='ltr'><strong>quod</strong></span> <span class='ocrx_word' id='word_1_177' title='bbox 665 1455 695 1504; x_wconf 90' lang='lat' dir='ltr'><strong>et</strong></span> <span class='ocrx_word' id='word_1_178' title='bbox 711 1452 738 1504; x_wconf 92' lang='lat' dir='ltr'><strong>te</strong></span> <span class='ocrx_word' id='word_1_179' title='bbox 761 1446 916 1505; x_wconf 87' lang='lat' dir='ltr'><strong>ambulare</strong></span> <span class='ocrx_word' id='word_1_180' title='bbox 968 1447 1145 1521; x_wconf 91' lang='lat' dir='ltr'><strong>ipsovaleas</strong></span> <span class='ocrx_word' id='word_1_181' title='bbox 1170 1448 1318 1506; x_wconf 89' lang='lat' dir='ltr'><strong>investire.</strong></span> <span class='ocrx_word' id='word_1_182' title='bbox 1346 1448 1412 1504; x_wconf 79' lang='lat' dir='ltr'><strong>Alia</strong></span> <span class='ocrx_word' id='word_1_183' title='bbox 1435 1465 1550 1522; x_wconf 89' lang='lat' dir='ltr'><strong>qnoque</strong></span> <span class='ocrx_word' id='word_1_184' title='bbox 1573 1454 1625 1507; x_wconf 90' lang='lat' dir='ltr'><strong>tua</strong></span> <span class='ocrx_word' id='word_1_185' title='bbox 1649 1449 1795 1509; x_wconf 71' lang='lat' dir='ltr'><strong>dubitatio</strong></span> 
     </span>
     <span class='ocr_line' id='line_1_15' title="bbox 43 1536 1795 1613; baseline 0.002 -20"><span class='ocrx_word' id='word_1_186' title='bbox 43 1570 47 1593; x_wconf 69' lang='grc' dir='ltr'>ι</span> <span class='ocrx_word' id='word_1_187' title='bbox 87 1541 149 1613; x_wconf 88' lang='lat' dir='ltr'><strong>jam</strong></span> <span class='ocrx_word' id='word_1_188' title='bbox 166 1537 278 1594; x_wconf 91' lang='lat' dir='ltr'><strong>scimus</strong></span> <span class='ocrx_word' id='word_1_189' title='bbox 302 1536 332 1593; x_wconf 93' lang='lat' dir='ltr'><strong>in</strong></span> <span class='ocrx_word' id='word_1_190' title='bbox 348 1537 470 1594; x_wconf 90' lang='lat' dir='ltr'><strong>veritate</strong></span> <span class='ocrx_word' id='word_1_191' title='bbox 491 1538 656 1610; x_wconf 89' lang='lat' dir='ltr'><strong>uobiscum,</strong></span> <span class='ocrx_word' id='word_1_192' title='bbox 670 1537 707 1593; x_wconf 90' lang='lat' dir='ltr'><strong>ad</strong></span> <span class='ocrx_word' id='word_1_193' title='bbox 728 1537 870 1593; x_wconf 90' lang='lat' dir='ltr'><strong>honorem</strong></span> <span class='ocrx_word' id='word_1_194' title='bbox 886 1540 916 1594; x_wconf 91' lang='lat' dir='ltr'><strong>et</strong></span> <span class='ocrx_word' id='word_1_195' title='bbox 969 1538 1136 1594; x_wconf 82' lang='lat' dir='ltr'><strong>continebat</strong></span> <span class='ocrx_word' id='word_1_196' title='bbox 1151 1542 1250 1594; x_wconf 91' lang='lat' dir='ltr'><strong>utrum</strong></span> <span class='ocrx_word' id='word_1_197' title='bbox 1266 1554 1332 1593; x_wconf 91' lang='lat' dir='ltr'><strong>cum</strong></span> <span class='ocrx_word' id='word_1_198' title='bbox 1344 1538 1464 1594; x_wconf 86' lang='lat' dir='ltr'><strong>lendum</strong></span> <span class='ocrx_word' id='word_1_199' title='bbox 1480 1538 1639 1596; x_wconf 89' lang='lat' dir='ltr'><strong>alienatum</strong></span> <span class='ocrx_word' id='word_1_200' title='bbox 1652 1539 1795 1611; x_wconf 74' lang='lat' dir='ltr'><strong>saponaria</strong></span> 
     </span>
     <span class='ocr_line' id='line_1_16' title="bbox 43 1625 1796 1701; baseline 0.001 -16"><span class='ocrx_word' id='word_1_201' title='bbox 43 1662 46 1697; x_wconf 86' lang='grc'>;</span> <span class='ocrx_word' id='word_1_202' title='bbox 91 1630 407 1695; x_wconf 88' lang='lat' dir='ltr'><strong>incrementumtunm,</strong></span> <span class='ocrx_word' id='word_1_203' title='bbox 424 1626 460 1681; x_wconf 90' lang='lat' dir='ltr'><strong>ad</strong></span> <span class='ocrx_word' id='word_1_204' title='bbox 474 1626 551 1699; x_wconf 91' lang='lat' dir='ltr'><strong>quod</strong></span> <span class='ocrx_word' id='word_1_205' title='bbox 563 1626 705 1683; x_wconf 78' lang='lat' dir='ltr'><strong>ferventer</strong></span> <span class='ocrx_word' id='word_1_206' title='bbox 718 1625 915 1695; x_wconf 84' lang='lat' dir='ltr'><strong>intendimus,</strong></span> <span class='ocrx_word' id='word_1_207' title='bbox 968 1627 1046 1699; x_wconf 88' lang='lat' dir='ltr'><strong>quod</strong></span> <span class='ocrx_word' id='word_1_208' title='bbox 1063 1643 1114 1699; x_wconf 90' lang='lat' dir='ltr'><strong>per</strong></span> <span class='ocrx_word' id='word_1_209' title='bbox 1127 1633 1156 1683; x_wconf 87' lang='lat' dir='ltr'><strong>te</strong></span> <span class='ocrx_word' id='word_1_210' title='bbox 1169 1625 1254 1683; x_wconf 88' lang='lat' dir='ltr'><strong>iaeile</strong></span> <span class='ocrx_word' id='word_1_211' title='bbox 1269 1643 1441 1700; x_wconf 90' lang='lat' dir='ltr'><strong>recuperare</strong></span> <span class='ocrx_word' id='word_1_212' title='bbox 1456 1644 1514 1684; x_wconf 91' lang='lat' dir='ltr'><strong>non</strong></span> <span class='ocrx_word' id='word_1_213' title='bbox 1527 1631 1621 1700; x_wconf 91' lang='lat' dir='ltr'><strong>potes,</strong></span> <span class='ocrx_word' id='word_1_214' title='bbox 1637 1628 1796 1701; x_wconf 88' lang='lat' dir='ltr'><strong>possisati·</strong></span> 
     </span>
     <span class='ocr_line' id='line_1_17' title="bbox 43 1713 1794 1811; baseline 0 -38"><span class='ocrx_word' id='word_1_215' title='bbox 43 1754 45 1759; x_wconf 92' lang='lat'>-</span> <span class='ocrx_word' id='word_1_216' title='bbox 91 1717 251 1775; x_wconf 75' lang='lat' dir='ltr'><strong>ferventius</strong></span> <span class='ocrx_word' id='word_1_217' title='bbox 267 1714 366 1772; x_wconf 90' lang='lat' dir='ltr'><strong>accedi</strong></span> <span class='ocrx_word' id='word_1_218' title='bbox 381 1715 542 1787; x_wconf 88' lang='lat' dir='ltr'><strong>possimus,</strong></span> <span class='ocrx_word' id='word_1_219' title='bbox 552 1713 710 1771; x_wconf 92' lang='lat' dir='ltr'><strong>cumillius</strong></span> <span class='ocrx_word' id='word_1_220' title='bbox 724 1714 753 1770; x_wconf 95' lang='lat' dir='ltr'><strong>in</strong></span> <span class='ocrx_word' id='word_1_221' title='bbox 766 1714 823 1771; x_wconf 91' lang='lat' dir='ltr'><strong>hac</strong></span> <span class='ocrx_word' id='word_1_222' title='bbox 834 1719 916 1786; x_wconf 86' lang='lat' dir='ltr'><strong>parte</strong></span> <span class='ocrx_word' id='word_1_223' title='bbox 930 1745 954 1811; x_wconf 72' lang='lat' dir='ltr'>B</span> <span class='ocrx_word' id='word_1_224' title='bbox 969 1716 1016 1771; x_wconf 91' lang='lat' dir='ltr'><strong>cui</strong></span> <span class='ocrx_word' id='word_1_225' title='bbox 1032 1714 1106 1772; x_wconf 89' lang='lat' dir='ltr'><strong>laico</strong></span> <span class='ocrx_word' id='word_1_226' title='bbox 1122 1715 1152 1771; x_wconf 89' lang='lat' dir='ltr'><strong>iu</strong></span> <span class='ocrx_word' id='word_1_227' title='bbox 1167 1715 1287 1772; x_wconf 85' lang='lat' dir='ltr'><strong>lendum</strong></span> <span class='ocrx_word' id='word_1_228' title='bbox 1299 1714 1370 1771; x_wconf 87' lang='lat' dir='ltr'><strong>illud</strong></span> <span class='ocrx_word' id='word_1_229' title='bbox 1382 1716 1551 1787; x_wconf 89' lang='lat' dir='ltr'><strong>concedere,</strong></span> <span class='ocrx_word' id='word_1_230' title='bbox 1562 1715 1650 1788; x_wconf 86' lang='lat' dir='ltr'><strong>quiet</strong></span> <span class='ocrx_word' id='word_1_231' title='bbox 1662 1714 1734 1773; x_wconf 93' lang='lat' dir='ltr'><strong>illud</strong></span> <span class='ocrx_word' id='word_1_232' title='bbox 1747 1731 1794 1773; x_wconf 90' lang='lat' dir='ltr'><strong>re·</strong></span> 
     </span>
     <span class='ocr_line' id='line_1_18' title="bbox 91 1801 1792 1878; baseline 0.001 -16"><span class='ocrx_word' id='word_1_233' title='bbox 91 1805 260 1862; x_wconf 81' lang='lat' dir='ltr'><strong>noverimus</strong></span> <span class='ocrx_word' id='word_1_234' title='bbox 275 1803 400 1876; x_wconf 81' lang='lat' dir='ltr'><strong>vestigia</strong></span> <span class='ocrx_word' id='word_1_235' title='bbox 420 1802 529 1859; x_wconf 88' lang='lat' dir='ltr'><strong>imitari</strong></span> <span class='ocrx_word' id='word_1_236' title='bbox 541 1803 591 1876; x_wconf 92' lang='lat' dir='ltr'><strong>qui</strong></span> <span class='ocrx_word' id='word_1_237' title='bbox 606 1802 698 1860; x_wconf 90' lang='lat' dir='ltr'><strong>dicit:</strong></span> <span class='ocrx_word' id='word_1_238' title='bbox 714 1801 914 1861; x_wconf 82' lang='lat' dir='ltr'><strong>Corroertimr&#39;ar‘</strong></span> <span class='ocrx_word' id='word_1_239' title='bbox 972 1812 1092 1877; x_wconf 91' lang='lat' dir='ltr'><strong>cuperet</strong></span> <span class='ocrx_word' id='word_1_240' title='bbox 1104 1809 1134 1860; x_wconf 90' lang='lat' dir='ltr'><strong>at</strong></span> <span class='ocrx_word' id='word_1_241' title='bbox 1148 1804 1178 1860; x_wconf 94' lang='lat' dir='ltr'><strong>in</strong></span> <span class='ocrx_word' id='word_1_242' title='bbox 1201 1804 1322 1859; x_wconf 86' lang='lat' dir='ltr'><strong>laudum</strong></span> <span class='ocrx_word' id='word_1_243' title='bbox 1340 1820 1392 1876; x_wconf 88' lang='lat' dir='ltr'><strong>per</strong></span> <span class='ocrx_word' id='word_1_244' title='bbox 1408 1804 1565 1860; x_wconf 85' lang='lat' dir='ltr'><strong>lieclesiam</strong></span> <span class='ocrx_word' id='word_1_245' title='bbox 1590 1813 1792 1878; x_wconf 78' lang='lat' dir='ltr'><strong>recognoscat.</strong></span> 
     </span>
     <span class='ocr_line' id='line_1_19' title="bbox 90 1892 1794 1966; baseline 0.001 -15"><span class='ocrx_word' id='word_1_246' title='bbox 90 1894 130 1952; x_wconf 87' lang='lat' dir='ltr'><strong>cd</strong></span> <span class='ocrx_word' id='word_1_247' title='bbox 141 1910 195 1963; x_wconf 87' lang='lat' dir='ltr'><strong>me,</strong></span> <span class='ocrx_word' id='word_1_248' title='bbox 211 1897 237 1950; x_wconf 83' lang='lat' dir='ltr'><strong>et</strong></span> <span class='ocrx_word' id='word_1_249' title='bbox 251 1908 300 1963; x_wconf 75' lang='lat' dir='ltr'><strong>coo</strong></span> <span class='ocrx_word' id='word_1_250' title='bbox 316 1900 460 1950; x_wconf 75' lang='lat' dir='ltr'><strong>conemur</strong></span> <span class='ocrx_word' id='word_1_251' title='bbox 472 1893 509 1950; x_wconf 85' lang='lat' dir='ltr'><strong>cd</strong></span> <span class='ocrx_word' id='word_1_252' title='bbox 523 1909 569 1950; x_wconf 87' lang='lat' dir='ltr'><strong>cor</strong></span> <span class='ocrx_word' id='word_1_253' title='bbox 582 1892 681 1966; x_wconf 85' lang='lat' dir='ltr'><strong>(Zacb.</strong></span> <span class='ocrx_word' id='word_1_254' title='bbox 697 1893 728 1966; x_wconf 92' lang='grc' dir='ltr'><strong>ι).</strong></span> <span class='ocrx_word' id='word_1_255' title='bbox 969 1892 1219 1965; x_wconf 78' lang='lat' dir='ltr'><strong>Nosigitureuper</strong></span> <span class='ocrx_word' id='word_1_256' title='bbox 1234 1893 1313 1949; x_wconf 87' lang='lat' dir='ltr'><strong>liade</strong></span> <span class='ocrx_word' id='word_1_257' title='bbox 1326 1898 1422 1949; x_wconf 90' lang='lat' dir='ltr'><strong>mente</strong></span> <span class='ocrx_word' id='word_1_258' title='bbox 1429 1893 1794 1965; x_wconf 88' lang='lat' dir='ltr'><strong>tuaserupulumvolentes</strong></span> 
     </span>
     <span class='ocr_line' id='line_1_20' title="bbox 129 1981 1794 2056; baseline 0.002 -17"><span class='ocrx_word' id='word_1_259' title='bbox 129 1985 233 2040; x_wconf 85' lang='lat' dir='ltr'><strong>Datum</strong></span> <span class='ocrx_word' id='word_1_260' title='bbox 250 1983 406 2048; x_wconf 86' lang='lat' dir='ltr'><strong>Ferentini,</strong></span> <span class='ocrx_word' id='word_1_261' title='bbox 422 1999 473 2039; x_wconf 81' lang='lat' dir='ltr'><strong>rua</strong></span> <span class='ocrx_word' id='word_1_262' title='bbox 485 1982 550 2039; x_wconf 85' lang='lat' dir='ltr'><strong>Kal.</strong></span> <span class='ocrx_word' id='word_1_263' title='bbox 566 1982 748 2053; x_wconf 87' lang='lat' dir='ltr'><strong>Novembris,</strong></span> <span class='ocrx_word' id='word_1_264' title='bbox 764 1981 915 2054; x_wconf 83' lang='lat' dir='ltr'><strong>pontiltca·</strong></span> <span class='ocrx_word' id='word_1_265' title='bbox 970 1981 1163 2039; x_wconf 87' lang='lat' dir='ltr'><strong>dubitationis</strong></span> <span class='ocrx_word' id='word_1_266' title='bbox 1175 1983 1301 2054; x_wconf 81' lang='lat' dir='ltr'><strong>auterre,</strong></span> <span class='ocrx_word' id='word_1_267' title='bbox 1314 1982 1502 2055; x_wconf 81' lang='lat' dir='ltr'><strong>presentium</strong></span> <span class='ocrx_word' id='word_1_268' title='bbox 1513 1982 1567 2038; x_wconf 91' lang='lat' dir='ltr'><strong>tibi</strong></span> <span class='ocrx_word' id='word_1_269' title='bbox 1579 1983 1794 2056; x_wconf 74' lang='lat' dir='ltr'><strong>significatione</strong></span> 
     </span>
     <span class='ocr_line' id='line_1_21' title="bbox 91 2071 1793 2144; baseline 0 -15"><span class='ocrx_word' id='word_1_270' title='bbox 91 2077 140 2130; x_wconf 89' lang='lat' dir='ltr'><strong>tus</strong></span> <span class='ocrx_word' id='word_1_271' title='bbox 154 2072 248 2129; x_wconf 84' lang='lat' dir='ltr'><strong>nostri</strong></span> <span class='ocrx_word' id='word_1_272' title='bbox 263 2089 341 2128; x_wconf 89' lang='lat' dir='ltr'><strong>anno</strong></span> <span class='ocrx_word' id='word_1_273' title='bbox 357 2071 523 2129; x_wconf 87' lang='lat' dir='ltr'><strong>undecimo.</strong></span> <span class='ocrx_word' id='word_1_274' title='bbox 970 2072 1146 2128; x_wconf 85' lang='lat' dir='ltr'><strong>mandamus</strong></span> <span class='ocrx_word' id='word_1_275' title='bbox 1161 2077 1309 2143; x_wconf 88' lang='lat' dir='ltr'><strong>quatenus</strong></span> <span class='ocrx_word' id='word_1_276' title='bbox 1323 2072 1347 2128; x_wconf 95' lang='lat' dir='ltr'><strong>si</strong></span> <span class='ocrx_word' id='word_1_277' title='bbox 1365 2072 1484 2144; x_wconf 89' lang='lat' dir='ltr'><strong>quando</strong></span> <span class='ocrx_word' id='word_1_278' title='bbox 1494 2071 1702 2144; x_wconf 83' lang='lat' dir='ltr'><strong>prelaticasus</strong></span> <span class='ocrx_word' id='word_1_279' title='bbox 1712 2089 1793 2131; x_wconf 88' lang='lat' dir='ltr'><strong>eme·</strong></span> 
     </span>
     <span class='ocr_line' id='line_1_22' title="bbox 124 2158 1794 2234; baseline 0.001 -17"><span class='ocrx_word' id='word_1_280' title='bbox 124 2161 263 2233; x_wconf 72' lang='lat' dir='ltr'><strong>Scriptum</strong></span> <span class='ocrx_word' id='word_1_281' title='bbox 286 2170 424 2234; x_wconf 77' lang='lat' dir='ltr'><strong>estsuper</strong></span> <span class='ocrx_word' id='word_1_282' title='bbox 447 2161 500 2217; x_wconf 87' lang='lat' dir='ltr'><strong>hoc</strong></span> <span class='ocrx_word' id='word_1_283' title='bbox 522 2160 730 2234; x_wconf 79' lang='lat' dir='ltr'><strong>archiepiscopo</strong></span> <span class='ocrx_word' id='word_1_284' title='bbox 754 2160 916 2217; x_wconf 72' lang='lat' dir='ltr'><strong>healfe-rc·</strong></span> <span class='ocrx_word' id='word_1_285' title='bbox 969 2160 1073 2227; x_wconf 90' lang='lat' dir='ltr'><strong>serint,</strong></span> <span class='ocrx_word' id='word_1_286' title='bbox 1089 2160 1119 2216; x_wconf 93' lang='lat' dir='ltr'><strong>in</strong></span> <span class='ocrx_word' id='word_1_287' title='bbox 1138 2160 1231 2233; x_wconf 91' lang='lat' dir='ltr'><strong>primo</strong></span> <span class='ocrx_word' id='word_1_288' title='bbox 1243 2158 1655 2228; x_wconf 87' lang='lat' dir='ltr'><strong>leudumdecedentislibere,</strong></span> <span class='ocrx_word' id='word_1_289' title='bbox 1667 2160 1794 2218; x_wconf 85' lang='lat' dir='ltr'><strong>sivideri</strong></span> 
     </span>
     <span class='ocr_line' id='line_1_23' title="bbox 88 2249 1793 2323; baseline 0.001 -17"><span class='ocrx_word' id='word_1_290' title='bbox 88 2251 170 2321; x_wconf 72' lang='lat' dir='ltr'><strong>colis.</strong></span> <span class='ocrx_word' id='word_1_291' title='bbox 969 2251 1115 2323; x_wconf 78' lang='lat' dir='ltr'><strong>expedire,</strong></span> <span class='ocrx_word' id='word_1_292' title='bbox 1130 2249 1285 2316; x_wconf 87' lang='lat' dir='ltr'><strong>concedas,</strong></span> <span class='ocrx_word' id='word_1_293' title='bbox 1299 2266 1334 2305; x_wconf 89' lang='lat' dir='ltr'><strong>ac</strong></span> <span class='ocrx_word' id='word_1_294' title='bbox 1347 2249 1379 2305; x_wconf 93' lang='lat' dir='ltr'><strong>in</strong></span> <span class='ocrx_word' id='word_1_295' title='bbox 1400 2251 1529 2305; x_wconf 88' lang='lat' dir='ltr'><strong>secundo</strong></span> <span class='ocrx_word' id='word_1_296' title='bbox 1546 2249 1640 2306; x_wconf 89' lang='lat' dir='ltr'><strong>lilium</strong></span> <span class='ocrx_word' id='word_1_297' title='bbox 1663 2251 1709 2308; x_wconf 88' lang='lat' dir='ltr'><strong>vel</strong></span> <span class='ocrx_word' id='word_1_298' title='bbox 1723 2267 1793 2308; x_wconf 89' lang='lat' dir='ltr'><strong>con·</strong></span> 
     </span>
     <span class='ocr_line' id='line_1_24' title="bbox 969 2336 1792 2412; baseline 0.001 -16"><span class='ocrx_word' id='word_1_299' title='bbox 969 2340 1165 2412; x_wconf 81' lang='lat' dir='ltr'><strong>sanguineum</strong></span> <span class='ocrx_word' id='word_1_300' title='bbox 1179 2337 1337 2394; x_wconf 86' lang='lat' dir='ltr'><strong>alienantis</strong></span> <span class='ocrx_word' id='word_1_301' title='bbox 1351 2336 1521 2405; x_wconf 86' lang='lat' dir='ltr'><strong>investiens,</strong></span> <span class='ocrx_word' id='word_1_302' title='bbox 1531 2339 1562 2394; x_wconf 95' lang='lat' dir='ltr'><strong>in</strong></span> <span class='ocrx_word' id='word_1_303' title='bbox 1576 2339 1662 2395; x_wconf 92' lang='lat' dir='ltr'><strong>tertio</strong></span> <span class='ocrx_word' id='word_1_304' title='bbox 1672 2340 1792 2397; x_wconf 90' lang='lat' dir='ltr'><strong>lendum</strong></span> 
     </span>
     <span class='ocr_line' id='line_1_25' title="bbox 970 2426 1824 2502; baseline 0.002 -18"><span class='ocrx_word' id='word_1_305' title='bbox 970 2427 1129 2485; x_wconf 90' lang='lat' dir='ltr'><strong>alienatum</strong></span> <span class='ocrx_word' id='word_1_306' title='bbox 1149 2428 1175 2483; x_wconf 91' lang='lat' dir='ltr'><strong>ci</strong></span> <span class='ocrx_word' id='word_1_307' title='bbox 1192 2427 1302 2499; x_wconf 89' lang='lat' dir='ltr'><strong>poteris</strong></span> <span class='ocrx_word' id='word_1_308' title='bbox 1318 2426 1440 2484; x_wconf 88' lang='lat' dir='ltr'><strong>licenter</strong></span> <span class='ocrx_word' id='word_1_309' title='bbox 1463 2427 1625 2484; x_wconf 88' lang='lat' dir='ltr'><strong>concedere</strong></span> <span class='ocrx_word' id='word_1_310' title='bbox 1639 2444 1690 2500; x_wconf 91' lang='lat' dir='ltr'><strong>per</strong></span> <span class='ocrx_word' id='word_1_311' title='bbox 1704 2444 1792 2502; x_wconf 87' lang='lat' dir='ltr'><strong>quem</strong></span> <span class='ocrx_word' id='word_1_312' title='bbox 1821 2450 1824 2455; x_wconf 64' lang='lat'><strong><em>¹</em></strong></span> 
     </span>
     <span class='ocr_line' id='line_1_26' title="bbox 145 2514 1490 2591; baseline 0.001 -17"><span class='ocrx_word' id='word_1_313' title='bbox 145 2517 329 2588; x_wconf 75' lang='lat' dir='ltr'><strong>confirmetur</strong></span> <span class='ocrx_word' id='word_1_314' title='bbox 350 2516 477 2589; x_wconf 71' lang='lat' dir='ltr'><strong>qaedam</strong></span> <span class='ocrx_word' id='word_1_315' title='bbox 491 2519 629 2573; x_wconf 73' lang='lat' dir='ltr'><strong>seruatis</strong></span> <span class='ocrx_word' id='word_1_316' title='bbox 645 2516 705 2573; x_wconf 83' lang='lat' dir='ltr'><strong>tcto</strong></span> <span class='ocrx_word' id='word_1_317' title='bbox 726 2531 777 2589; x_wconf 85' lang='lat' dir='ltr'><strong>pro</strong></span> <span class='ocrx_word' id='word_1_318' title='bbox 791 2516 861 2589; x_wconf 84' lang='lat' dir='ltr'><strong>ipro.</strong></span> <span class='ocrx_word' id='word_1_319' title='bbox 969 2517 1068 2591; x_wconf 92' lang='lat' dir='ltr'><strong>ipsum</strong></span> <span class='ocrx_word' id='word_1_320' title='bbox 1085 2515 1213 2572; x_wconf 73' lang='lat' dir='ltr'><strong>aeclesis</strong></span> <span class='ocrx_word' id='word_1_321' title='bbox 1229 2514 1322 2572; x_wconf 86' lang='lat' dir='ltr'><strong>valeat</strong></span> <span class='ocrx_word' id='word_1_322' title='bbox 1338 2515 1490 2575; x_wconf 89' lang='lat' dir='ltr'><strong>rehabere.</strong></span> 
     </span>
     <span class='ocr_line' id='line_1_27' title="bbox 255 2604 1793 2678; baseline 0.003 -17"><span class='ocrx_word' id='word_1_323' title='bbox 255 2604 425 2675; x_wconf 82' lang='lat' dir='ltr'><strong>(Ferentini,</strong></span> <span class='ocrx_word' id='word_1_324' title='bbox 440 2622 458 2661; x_wconf 84' lang='lat' dir='ltr'>x</span> <span class='ocrx_word' id='word_1_325' title='bbox 473 2604 533 2660; x_wconf 86' lang='lat' dir='ltr'><strong>llel.</strong></span> <span class='ocrx_word' id='word_1_326' title='bbox 548 2605 755 2677; x_wconf 66' lang='lat' dir='ltr'><strong>aspiciencia)</strong></span> <span class='ocrx_word' id='word_1_327' title='bbox 1007 2607 1110 2662; x_wconf 84' lang='lat' dir='ltr'><strong>Datum</strong></span> <span class='ocrx_word' id='word_1_328' title='bbox 1126 2604 1287 2675; x_wconf 80' lang='lat' dir='ltr'><strong>Ferentini,</strong></span> <span class='ocrx_word' id='word_1_329' title='bbox 1300 2621 1319 2660; x_wconf 88' lang='lat' dir='ltr'>x</span> <span class='ocrx_word' id='word_1_330' title='bbox 1329 2604 1391 2662; x_wconf 83' lang='lat' dir='ltr'><strong>llal.</strong></span> <span class='ocrx_word' id='word_1_331' title='bbox 1409 2604 1590 2675; x_wconf 79' lang='lat' dir='ltr'><strong>Novembris,</strong></span> <span class='ocrx_word' id='word_1_332' title='bbox 1603 2607 1793 2678; x_wconf 82' lang='lat' dir='ltr'><strong>pontificatus</strong></span> 
     </span>
     <span class='ocr_line' id='line_1_28' title="bbox 127 2693 1340 2754; baseline -0.003 0"><span class='ocrx_word' id='word_1_333' title='bbox 127 2698 200 2754; x_wconf 87' lang='lat' dir='ltr'><strong>Cum</strong></span> <span class='ocrx_word' id='word_1_334' title='bbox 227 2694 352 2751; x_wconf 90' lang='lat' dir='ltr'><strong>dilectus</strong></span> <span class='ocrx_word' id='word_1_335' title='bbox 376 2693 456 2749; x_wconf 82' lang='lat' dir='ltr'><strong>silius</strong></span> <span class='ocrx_word' id='word_1_336' title='bbox 484 2693 652 2751; x_wconf 88' lang='lat' dir='ltr'><strong>orandinus</strong></span> <span class='ocrx_word' id='word_1_337' title='bbox 676 2694 712 2749; x_wconf 92' lang='lat' dir='ltr'><strong>de</strong></span> <span class='ocrx_word' id='word_1_338' title='bbox 737 2693 916 2749; x_wconf 87' lang='lat' dir='ltr'><strong>Poeteeurvo</strong></span> <span class='ocrx_word' id='word_1_339' title='bbox 971 2694 1063 2751; x_wconf 88' lang='lat' dir='ltr'><strong>nostri</strong></span> <span class='ocrx_word' id='word_1_340' title='bbox 1078 2710 1156 2750; x_wconf 89' lang='lat' dir='ltr'><strong>anno</strong></span> <span class='ocrx_word' id='word_1_341' title='bbox 1172 2693 1340 2750; x_wconf 90' lang='lat' dir='ltr'><strong>undecimo.</strong></span> 
     </span>
     <span class='ocr_line' id='line_1_29' title="bbox 94 2782 1441 2842; baseline -0.004 0"><span class='ocrx_word' id='word_1_342' title='bbox 94 2784 179 2842; x_wconf 92' lang='lat' dir='ltr'><strong>miles</strong></span> <span class='ocrx_word' id='word_1_343' title='bbox 195 2800 293 2841; x_wconf 88' lang='lat' dir='ltr'><strong>coram</strong></span> <span class='ocrx_word' id='word_1_344' title='bbox 310 2783 415 2840; x_wconf 89' lang='lat' dir='ltr'><strong>dilecto</strong></span> <span class='ocrx_word' id='word_1_345' title='bbox 428 2783 488 2838; x_wconf 84' lang='lat' dir='ltr'><strong>filio</strong></span> <span class='ocrx_word' id='word_1_346' title='bbox 503 2783 612 2839; x_wconf 84' lang='lat' dir='ltr'><strong>Jacobo</strong></span> <span class='ocrx_word' id='word_1_347' title='bbox 628 2782 811 2839; x_wconf 84' lang='lat' dir='ltr'><strong>subdiacono</strong></span> <span class='ocrx_word' id='word_1_348' title='bbox 826 2785 855 2837; x_wconf 92' lang='lat' dir='ltr'><strong>et</strong></span> <span class='ocrx_word' id='word_1_349' title='bbox 869 2798 918 2838; x_wconf 85' lang='lat' dir='ltr'><strong>ca·</strong></span> <span class='ocrx_word' id='word_1_350' title='bbox 1320 2783 1441 2839; x_wconf 77' lang='lat' dir='ltr'>CLXVI.</span> 
     </span>
     <span class='ocr_line' id='line_1_30' title="bbox 93 2871 1684 2947; baseline -0.001 -17"><span class='ocrx_word' id='word_1_351' title='bbox 93 2873 209 2947; x_wconf 91' lang='lat' dir='ltr'><strong>pellano</strong></span> <span class='ocrx_word' id='word_1_352' title='bbox 224 2878 337 2940; x_wconf 90' lang='lat' dir='ltr'><strong>nostro,</strong></span> <span class='ocrx_word' id='word_1_353' title='bbox 348 2889 435 2945; x_wconf 92' lang='lat' dir='ltr'><strong>quem</strong></span> <span class='ocrx_word' id='word_1_354' title='bbox 453 2873 548 2928; x_wconf 86' lang='lat' dir='ltr'><strong>tibist</strong></span> <span class='ocrx_word' id='word_1_355' title='bbox 562 2872 588 2929; x_wconf 91' lang='lat' dir='ltr'><strong>ei</strong></span> <span class='ocrx_word' id='word_1_356' title='bbox 604 2872 740 2928; x_wconf 88' lang='lat' dir='ltr'><strong>dedimus</strong></span> <span class='ocrx_word' id='word_1_357' title='bbox 755 2871 916 2928; x_wconf 89' lang='lat' dir='ltr'><strong>auditorem</strong></span> <span class='ocrx_word' id='word_1_358' title='bbox 1076 2888 1177 2928; x_wconf 80' lang='lat' dir='ltr'><strong>assari</strong></span> <span class='ocrx_word' id='word_1_359' title='bbox 1191 2889 1226 2927; x_wconf 81' lang='lat' dir='ltr'><strong>m</strong></span> <span class='ocrx_word' id='word_1_360' title='bbox 1239 2887 1395 2928; x_wconf 76' lang='lat' dir='ltr'><strong>convesrsi</strong></span> <span class='ocrx_word' id='word_1_361' title='bbox 1415 2887 1513 2928; x_wconf 77' lang='lat' dir='ltr'><strong>saecri</strong></span> <span class='ocrx_word' id='word_1_362' title='bbox 1529 2888 1684 2930; x_wconf 80' lang='lat' dir='ltr'><strong>vraceann.</strong></span> 
     </span>
     <span class='ocr_line' id='line_1_31' title="bbox 93 2959 1577 3035; baseline -0.001 -17"><span class='ocrx_word' id='word_1_363' title='bbox 93 2962 296 3035; x_wconf 84' lang='lat' dir='ltr'><strong>proposuisset</strong></span> <span class='ocrx_word' id='word_1_364' title='bbox 310 2968 436 3018; x_wconf 85' lang='lat' dir='ltr'><strong>teanum</strong></span> <span class='ocrx_word' id='word_1_365' title='bbox 452 2978 517 3018; x_wconf 86' lang='lat' dir='ltr'><strong>esse</strong></span> <span class='ocrx_word' id='word_1_366' title='bbox 527 2960 697 3028; x_wconf 85' lang='lat' dir='ltr'><strong>vassallum,</strong></span> <span class='ocrx_word' id='word_1_367' title='bbox 707 2965 794 3033; x_wconf 89' lang='lat' dir='ltr'><strong>teque</strong></span> <span class='ocrx_word' id='word_1_368' title='bbox 805 2959 918 3016; x_wconf 88' lang='lat' dir='ltr'><strong>ratione</strong></span> <span class='ocrx_word' id='word_1_369' title='bbox 1184 2963 1231 3016; x_wconf 75' lang='lat' dir='ltr'><strong>ltir</strong></span> <span class='ocrx_word' id='word_1_370' title='bbox 1245 2960 1359 3018; x_wconf 76' lang='lat' dir='ltr'><strong>decima</strong></span> <span class='ocrx_word' id='word_1_371' title='bbox 1372 2959 1577 3032; x_wconf 77' lang='lat' dir='ltr'><strong>adjudicaretur.</strong></span> 
     </span>
     <span class='ocr_line' id='line_1_32' title="bbox 93 3048 1641 3123; baseline -0.001 -17"><span class='ocrx_word' id='word_1_372' title='bbox 93 3052 288 3123; x_wconf 90' lang='lat' dir='ltr'><strong>querumdam</strong></span> <span class='ocrx_word' id='word_1_373' title='bbox 310 3049 558 3119; x_wconf 89' lang='lat' dir='ltr'><strong>molendinorum,</strong></span> <span class='ocrx_word' id='word_1_374' title='bbox 581 3051 748 3118; x_wconf 91' lang='lat' dir='ltr'><strong>domorum,</strong></span> <span class='ocrx_word' id='word_1_375' title='bbox 764 3050 916 3107; x_wconf 88' lang='lat' dir='ltr'><strong>vinearum</strong></span> <span class='ocrx_word' id='word_1_376' title='bbox 1121 3048 1292 3119; x_wconf 76' lang='lat' dir='ltr'><strong>(Ferentini,</strong></span> <span class='ocrx_word' id='word_1_377' title='bbox 1307 3065 1348 3105; x_wconf 76' lang='grc' dir='ltr'><strong>ιιι</strong></span> <span class='ocrx_word' id='word_1_378' title='bbox 1363 3048 1427 3104; x_wconf 85' lang='lat' dir='ltr'><strong>Kal.</strong></span> <span class='ocrx_word' id='word_1_379' title='bbox 1445 3049 1641 3122; x_wconf 85' lang='lat' dir='ltr'><strong>Novembris.)</strong></span> 
     </span>
     <span class='ocr_line' id='line_1_33' title="bbox 90 3118 1847 3213; baseline 0 -16"><span class='ocrx_word' id='word_1_380' title='bbox 90 3147 120 3197; x_wconf 91' lang='lat' dir='ltr'><strong>et</strong></span> <span class='ocrx_word' id='word_1_381' title='bbox 135 3141 331 3212; x_wconf 85' lang='lat' dir='ltr'><strong>quarumdam</strong></span> <span class='ocrx_word' id='word_1_382' title='bbox 357 3140 482 3196; x_wconf 87' lang='lat' dir='ltr'><strong>aliarum</strong></span> <span class='ocrx_word' id='word_1_383' title='bbox 503 3141 725 3213; x_wconf 87' lang='lat' dir='ltr'><strong>possessionum</strong></span> <span class='ocrx_word' id='word_1_384' title='bbox 750 3142 787 3196; x_wconf 87' lang='lat' dir='ltr'><strong>ad</strong></span> <span class='ocrx_word' id='word_1_385' title='bbox 802 3156 831 3196; x_wconf 87' lang='lat' dir='ltr'><strong>se</strong></span> <span class='ocrx_word' id='word_1_386' title='bbox 850 3118 955 3211; x_wconf 74' lang='lat' dir='ltr'><strong>epe-C</strong></span> <span class='ocrx_word' id='word_1_387' title='bbox 1003 3138 1077 3195; x_wconf 86' lang='lat' dir='ltr'><strong>Cum</strong></span> <span class='ocrx_word' id='word_1_388' title='bbox 1102 3139 1178 3194; x_wconf 90' lang='lat' dir='ltr'><strong>inter</strong></span> <span class='ocrx_word' id='word_1_389' title='bbox 1191 3154 1242 3194; x_wconf 93' lang='lat' dir='ltr'><strong>vos</strong></span> <span class='ocrx_word' id='word_1_390' title='bbox 1256 3144 1286 3194; x_wconf 91' lang='lat' dir='ltr'><strong>et</strong></span> <span class='ocrx_word' id='word_1_391' title='bbox 1299 3136 1495 3195; x_wconf 87' lang='lat' dir='ltr'><strong>venerabilem</strong></span> <span class='ocrx_word' id='word_1_392' title='bbox 1511 3137 1629 3196; x_wconf 79' lang='lat' dir='ltr'><strong>fratrem</strong></span> <span class='ocrx_word' id='word_1_393' title='bbox 1655 3144 1791 3197; x_wconf 86' lang='lat' dir='ltr'><strong>nostrum</strong></span> <span class='ocrx_word' id='word_1_394' title='bbox 1844 3196 1847 3203; x_wconf 88' lang='grc'><strong>,</strong></span> 
     </span>
     <span class='ocr_line' id='line_1_34' title="bbox 90 3226 1791 3302; baseline 0.001 -17"><span class='ocrx_word' id='word_1_395' title='bbox 90 3230 245 3299; x_wconf 87' lang='lat' dir='ltr'><strong>stantium,</strong></span> <span class='ocrx_word' id='word_1_396' title='bbox 262 3233 294 3285; x_wconf 91' lang='lat' dir='ltr'><strong>ut</strong></span> <span class='ocrx_word' id='word_1_397' title='bbox 308 3229 434 3297; x_wconf 88' lang='lat' dir='ltr'><strong>dicebat,</strong></span> <span class='ocrx_word' id='word_1_398' title='bbox 450 3247 513 3301; x_wconf 83' lang='lat' dir='ltr'><strong>qun</strong></span> <span class='ocrx_word' id='word_1_399' title='bbox 525 3231 602 3301; x_wconf 88' lang='lat' dir='ltr'><strong>apud</strong></span> <span class='ocrx_word' id='word_1_400' title='bbox 613 3230 794 3302; x_wconf 86' lang='lat' dir='ltr'><strong>Ceperannm</strong></span> <span class='ocrx_word' id='word_1_401' title='bbox 806 3228 916 3285; x_wconf 89' lang='lat' dir='ltr'><strong>hebere</strong></span> <span class='ocrx_word' id='word_1_402' title='bbox 968 3226 1047 3283; x_wconf 86' lang='lat' dir='ltr'><strong>lticc.</strong></span> <span class='ocrx_word' id='word_1_403' title='bbox 1071 3227 1241 3299; x_wconf 91' lang='lat' dir='ltr'><strong>episcopum</strong></span> <span class='ocrx_word' id='word_1_404' title='bbox 1257 3226 1466 3284; x_wconf 78' lang='lat' dir='ltr'><strong>&#39;l&#39;reventinum</strong></span> <span class='ocrx_word' id='word_1_405' title='bbox 1490 3243 1587 3284; x_wconf 88' lang='lat' dir='ltr'><strong>coram</strong></span> <span class='ocrx_word' id='word_1_406' title='bbox 1610 3227 1716 3285; x_wconf 89' lang='lat' dir='ltr'><strong>dilecto</strong></span> <span class='ocrx_word' id='word_1_407' title='bbox 1730 3228 1791 3286; x_wconf 87' lang='lat' dir='ltr'><strong>lilio</strong></span> 
     </span>
     <span class='ocr_line' id='line_1_35' title="bbox 90 3315 1792 3391; baseline 0.001 -17"><span class='ocrx_word' id='word_1_408' title='bbox 90 3318 284 3390; x_wconf 85' lang='lat' dir='ltr'><strong>dignosceris,</strong></span> <span class='ocrx_word' id='word_1_409' title='bbox 300 3318 391 3374; x_wconf 88' lang='lat' dir='ltr'><strong>teneri</strong></span> <span class='ocrx_word' id='word_1_410' title='bbox 407 3319 463 3375; x_wconf 93' lang='lat' dir='ltr'><strong>sibi</strong></span> <span class='ocrx_word' id='word_1_411' title='bbox 475 3334 542 3375; x_wconf 92' lang='lat' dir='ltr'><strong>cum</strong></span> <span class='ocrx_word' id='word_1_412' title='bbox 560 3319 647 3375; x_wconf 88' lang='lat' dir='ltr'><strong>unico</strong></span> <span class='ocrx_word' id='word_1_413' title='bbox 663 3335 738 3391; x_wconf 89' lang='lat' dir='ltr'><strong>equo</strong></span> <span class='ocrx_word' id='word_1_414' title='bbox 753 3317 874 3384; x_wconf 89' lang='lat' dir='ltr'><strong>servire,</strong></span> <span class='ocrx_word' id='word_1_415' title='bbox 886 3322 914 3373; x_wconf 90' lang='lat' dir='ltr'><strong>te</strong></span> <span class='ocrx_word' id='word_1_416' title='bbox 968 3321 1069 3373; x_wconf 88' lang='lat' dir='ltr'><strong>nostro</strong></span> <span class='ocrx_word' id='word_1_417' title='bbox 1083 3315 1199 3389; x_wconf 81' lang='lat' dir='ltr'><strong>Pelagio</strong></span> <span class='ocrx_word' id='word_1_418' title='bbox 1215 3317 1327 3371; x_wconf 83' lang='lat' dir='ltr'><strong>Sancta</strong></span> <span class='ocrx_word' id='word_1_419' title='bbox 1339 3316 1432 3371; x_wconf 79' lang='lat' dir='ltr'><strong>Lucio</strong></span> <span class='ocrx_word' id='word_1_420' title='bbox 1447 3317 1483 3371; x_wconf 91' lang='lat' dir='ltr'><strong>ad</strong></span> <span class='ocrx_word' id='word_1_421' title='bbox 1495 3320 1578 3387; x_wconf 89' lang='lat' dir='ltr'><strong>septa</strong></span> <span class='ocrx_word' id='word_1_422' title='bbox 1590 3315 1658 3374; x_wconf 91' lang='lat' dir='ltr'><strong>solis</strong></span> <span class='ocrx_word' id='word_1_423' title='bbox 1669 3318 1792 3375; x_wconf 91' lang='lat' dir='ltr'><strong>diacono</strong></span> 
     </span>
     <span class='ocr_line' id='line_1_36' title="bbox 90 3404 1791 3480; baseline 0.001 -18"><span class='ocrx_word' id='word_1_424' title='bbox 90 3424 154 3479; x_wconf 75' lang='lat' dir='ltr'><strong>quer</strong></span> <span class='ocrx_word' id='word_1_425' title='bbox 172 3407 385 3478; x_wconf 74' lang='lat' dir='ltr'><strong>promissimus</strong></span> <span class='ocrx_word' id='word_1_426' title='bbox 395 3407 515 3463; x_wconf 92' lang='lat' dir='ltr'><strong>omnino</strong></span> <span class='ocrx_word' id='word_1_427' title='bbox 526 3412 661 3480; x_wconf 81' lang='lat' dir='ltr'><strong>negante,</strong></span> <span class='ocrx_word' id='word_1_428' title='bbox 674 3411 740 3480; x_wconf 88' lang='lat' dir='ltr'><strong>poet</strong></span> <span class='ocrx_word' id='word_1_429' title='bbox 750 3407 914 3480; x_wconf 83' lang='lat' dir='ltr'><strong>prestitum</strong></span> <span class='ocrx_word' id='word_1_430' title='bbox 968 3404 1128 3472; x_wconf 90' lang='lat' dir='ltr'><strong>cardinale,</strong></span> <span class='ocrx_word' id='word_1_431' title='bbox 1143 3405 1189 3461; x_wconf 90' lang='lat' dir='ltr'><strong>cui</strong></span> <span class='ocrx_word' id='word_1_432' title='bbox 1204 3421 1256 3461; x_wconf 92' lang='lat' dir='ltr'><strong>vos</strong></span> <span class='ocrx_word' id='word_1_433' title='bbox 1271 3404 1475 3462; x_wconf 78' lang='lat' dir='ltr'><strong>commisimus</strong></span> <span class='ocrx_word' id='word_1_434' title='bbox 1491 3406 1666 3473; x_wconf 89' lang='lat' dir='ltr'><strong>audiendos,</strong></span> <span class='ocrx_word' id='word_1_435' title='bbox 1676 3411 1791 3464; x_wconf 90' lang='lat' dir='ltr'><strong>contro·</strong></span> 
     </span>
     <span class='ocr_line' id='line_1_37' title="bbox 89 3493 1791 3570; baseline 0.001 -18"><span class='ocrx_word' id='word_1_436' title='bbox 89 3500 125 3553; x_wconf 90' lang='lat' dir='ltr'><strong>ab</strong></span> <span class='ocrx_word' id='word_1_437' title='bbox 155 3502 279 3569; x_wconf 89' lang='lat' dir='ltr'><strong>utraque</strong></span> <span class='ocrx_word' id='word_1_438' title='bbox 294 3502 377 3570; x_wconf 88' lang='lat' dir='ltr'><strong>parte</strong></span> <span class='ocrx_word' id='word_1_439' title='bbox 391 3497 544 3552; x_wconf 82' lang='lat' dir='ltr'><strong>calumnie</strong></span> <span class='ocrx_word' id='word_1_440' title='bbox 558 3498 762 3570; x_wconf 88' lang='lat' dir='ltr'><strong>juramentum</strong></span> <span class='ocrx_word' id='word_1_441' title='bbox 778 3499 814 3553; x_wconf 87' lang='lat' dir='ltr'><strong>ad</strong></span> <span class='ocrx_word' id='word_1_442' title='bbox 840 3514 912 3570; x_wconf 77' lang='lat' dir='ltr'><strong>pre·</strong></span> <span class='ocrx_word' id='word_1_443' title='bbox 967 3494 1062 3552; x_wconf 86' lang='lat' dir='ltr'><strong>versia</strong></span> <span class='ocrx_word' id='word_1_444' title='bbox 1080 3498 1252 3560; x_wconf 84' lang='lat' dir='ltr'><strong>verteretur,</strong></span> <span class='ocrx_word' id='word_1_445' title='bbox 1276 3493 1340 3567; x_wconf 88' lang='lat' dir='ltr'><strong>ipso</strong></span> <span class='ocrx_word' id='word_1_446' title='bbox 1356 3495 1492 3566; x_wconf 88' lang='lat' dir='ltr'><strong>episeopo</strong></span> <span class='ocrx_word' id='word_1_447' title='bbox 1517 3503 1698 3568; x_wconf 87' lang='lat' dir='ltr'><strong>proponente</strong></span> <span class='ocrx_word' id='word_1_448' title='bbox 1714 3496 1791 3569; x_wconf 89' lang='lat' dir='ltr'><strong>quod</strong></span> 
     </span>
     <span class='ocr_line' id='line_1_38' title="bbox 88 3584 1791 3658; baseline 0.001 -17"><span class='ocrx_word' id='word_1_449' title='bbox 88 3587 180 3642; x_wconf 88' lang='lat' dir='ltr'><strong>missa</strong></span> <span class='ocrx_word' id='word_1_450' title='bbox 189 3586 385 3657; x_wconf 91' lang='lat' dir='ltr'><strong>probandum,</strong></span> <span class='ocrx_word' id='word_1_451' title='bbox 396 3584 663 3657; x_wconf 83' lang='lat' dir='ltr'><strong>idemOrandimus</strong></span> <span class='ocrx_word' id='word_1_452' title='bbox 672 3587 817 3658; x_wconf 88' lang='lat' dir='ltr'><strong>quosdam</strong></span> <span class='ocrx_word' id='word_1_453' title='bbox 825 3589 914 3642; x_wconf 81' lang='lat' dir='ltr'><strong>testes</strong></span> <span class='ocrx_word' id='word_1_454' title='bbox 968 3584 1315 3657; x_wconf 83' lang='lat' dir='ltr'><strong>decimaeposaessionum</strong></span> <span class='ocrx_word' id='word_1_455' title='bbox 1324 3599 1387 3655; x_wconf 84' lang='lat' dir='ltr'><strong>que</strong></span> <span class='ocrx_word' id='word_1_456' title='bbox 1401 3592 1471 3640; x_wconf 90' lang='lat' dir='ltr'><strong>sunt</strong></span> <span class='ocrx_word' id='word_1_457' title='bbox 1480 3585 1558 3642; x_wconf 88' lang='lat' dir='ltr'><strong>circe</strong></span> <span class='ocrx_word' id='word_1_458' title='bbox 1570 3586 1674 3642; x_wconf 84' lang='lat' dir='ltr'><strong>ltivum</strong></span> <span class='ocrx_word' id='word_1_459' title='bbox 1684 3585 1791 3643; x_wconf 90' lang='lat' dir='ltr'><strong>obscu-</strong></span> 
     </span>
     <span class='ocr_line' id='line_1_39' title="bbox 90 3673 1792 3747; baseline 0.001 -17"><span class='ocrx_word' id='word_1_460' title='bbox 90 3675 238 3745; x_wconf 85' lang='lat' dir='ltr'><strong>prodnxit,</strong></span> <span class='ocrx_word' id='word_1_461' title='bbox 255 3673 364 3744; x_wconf 89' lang='lat' dir='ltr'><strong>quibus</strong></span> <span class='ocrx_word' id='word_1_462' title='bbox 379 3677 569 3745; x_wconf 88' lang='lat' dir='ltr'><strong>postmodum</strong></span> <span class='ocrx_word' id='word_1_463' title='bbox 583 3674 752 3747; x_wconf 91' lang='lat' dir='ltr'><strong>publicatis,</strong></span> <span class='ocrx_word' id='word_1_464' title='bbox 767 3691 835 3731; x_wconf 89' lang='lat' dir='ltr'><strong>cnm</strong></span> <span class='ocrx_word' id='word_1_465' title='bbox 846 3675 914 3731; x_wconf 90' lang='lat' dir='ltr'><strong>suh·</strong></span> <span class='ocrx_word' id='word_1_466' title='bbox 968 3690 1034 3729; x_wconf 88' lang='lat' dir='ltr'><strong>rum</strong></span> <span class='ocrx_word' id='word_1_467' title='bbox 1051 3690 1084 3730; x_wconf 87' lang='lat' dir='ltr'><strong>ao</strong></span> <span class='ocrx_word' id='word_1_468' title='bbox 1100 3674 1245 3745; x_wconf 78' lang='lat' dir='ltr'><strong>sangrum</strong></span> <span class='ocrx_word' id='word_1_469' title='bbox 1261 3689 1364 3729; x_wconf 91' lang='lat' dir='ltr'><strong>versus</strong></span> <span class='ocrx_word' id='word_1_470' title='bbox 1380 3675 1593 3730; x_wconf 88' lang='lat' dir='ltr'><strong>monasterium</strong></span> <span class='ocrx_word' id='word_1_471' title='bbox 1604 3682 1792 3745; x_wconf 62' lang='lat' dir='ltr'><strong>vestramne</strong></span> 
     </span>
    </p>
   </div>
   <div class='ocr_carea' id='block_1_3' title="bbox 1720 252 1875 349">
    <p class='ocr_par' dir='ltr' id='par_1_3' title="bbox 1720 252 1875 349">
     <span class='ocr_line' id='line_1_40' title="bbox 1720 252 1875 349; baseline -0.006 -39"><span class='ocrx_word' id='word_1_472' title='bbox 1720 252 1791 311; x_wconf 70' lang='grc'><strong>1474</strong></span> <span class='ocrx_word' id='word_1_473' title='bbox 1871 334 1875 349; x_wconf 91' lang='lat'>.</span> 
     </span>
    </p>
   </div>
   <div class='ocr_carea' id='block_1_4' title="bbox 286 2337 719 2484">
    <p class='ocr_par' dir='ltr' id='par_1_4' title="bbox 286 2337 719 2484">
     <span class='ocr_line' id='line_1_41' title="bbox 442 2337 562 2396; baseline -0.033 0"><span class='ocrx_word' id='word_1_474' title='bbox 442 2337 562 2396; x_wconf 81' lang='lat' dir='ltr'>CLXIV.</span> 
     </span>
     <span class='ocr_line' id='line_1_42' title="bbox 286 2443 719 2484; baseline -0.002 -1"><span class='ocrx_word' id='word_1_475' title='bbox 286 2443 482 2484; x_wconf 69' lang='lat' dir='ltr'><strong>eternoacum</strong></span> <span class='ocrx_word' id='word_1_476' title='bbox 506 2444 541 2484; x_wconf 87' lang='lat' dir='ltr'><strong>na</strong></span> <span class='ocrx_word' id='word_1_477' title='bbox 562 2444 719 2484; x_wconf 72' lang='lat' dir='ltr'><strong>messano.</strong></span> 
     </span>
    </p>
   </div>
   <div class='ocr_carea' id='block_1_5' title="bbox 83 3763 1793 4561">
    <p class='ocr_par' dir='ltr' id='par_1_5' title="bbox 83 3763 1793 4561">
     <span class='ocr_line' id='line_1_43' title="bbox 89 3763 1792 3837; baseline 0.002 -20"><span class='ocrx_word' id='word_1_478' title='bbox 89 3764 230 3818; x_wconf 88' lang='lat' dir='ltr'><strong>diaconus</strong></span> <span class='ocrx_word' id='word_1_479' title='bbox 253 3769 434 3819; x_wconf 86' lang='lat' dir='ltr'><strong>memoratus</strong></span> <span class='ocrx_word' id='word_1_480' title='bbox 451 3771 512 3819; x_wconf 88' lang='lat' dir='ltr'><strong>tarn</strong></span> <span class='ocrx_word' id='word_1_481' title='bbox 528 3763 607 3820; x_wconf 90' lang='lat' dir='ltr'><strong>dicta</strong></span> <span class='ocrx_word' id='word_1_482' title='bbox 629 3763 752 3820; x_wconf 88' lang='lat' dir='ltr'><strong>testium</strong></span> <span class='ocrx_word' id='word_1_483' title='bbox 776 3780 864 3837; x_wconf 90' lang='lat' dir='ltr'><strong>quam</strong></span> <span class='ocrx_word' id='word_1_484' title='bbox 880 3780 915 3821; x_wconf 87' lang='lat' dir='ltr'><strong>ea</strong></span> <span class='ocrx_word' id='word_1_485' title='bbox 968 3781 1019 3836; x_wconf 91' lang='lat' dir='ltr'><strong>per</strong></span> <span class='ocrx_word' id='word_1_486' title='bbox 1033 3763 1213 3821; x_wconf 86' lang='lat' dir='ltr'><strong>habitatores</strong></span> <span class='ocrx_word' id='word_1_487' title='bbox 1228 3766 1393 3818; x_wconf 89' lang='lat' dir='ltr'><strong>castrorum</strong></span> <span class='ocrx_word' id='word_1_488' title='bbox 1406 3763 1467 3818; x_wconf 88' lang='lat' dir='ltr'><strong>ltivi</strong></span> <span class='ocrx_word' id='word_1_489' title='bbox 1479 3763 1596 3819; x_wconf 88' lang='lat' dir='ltr'><strong>obscuri</strong></span> <span class='ocrx_word' id='word_1_490' title='bbox 1608 3763 1792 3822; x_wconf 81' lang='lat' dir='ltr'><strong>ethlledenre</strong></span> 
     </span>
     <span class='ocr_line' id='line_1_44' title="bbox 88 3851 1793 3926; baseline 0.003 -20"><span class='ocrx_word' id='word_1_491' title='bbox 88 3869 151 3923; x_wconf 80' lang='lat' dir='ltr'><strong>qua</strong></span> <span class='ocrx_word' id='word_1_492' title='bbox 169 3851 306 3922; x_wconf 88' lang='lat' dir='ltr'><strong>utrinque</strong></span> <span class='ocrx_word' id='word_1_493' title='bbox 322 3853 400 3908; x_wconf 88' lang='lat' dir='ltr'><strong>luere</strong></span> <span class='ocrx_word' id='word_1_494' title='bbox 417 3853 567 3924; x_wconf 88' lang='lat' dir='ltr'><strong>proposita</strong></span> <span class='ocrx_word' id='word_1_495' title='bbox 581 3870 677 3909; x_wconf 90' lang='lat' dir='ltr'><strong>eoram</strong></span> <span class='ocrx_word' id='word_1_496' title='bbox 693 3870 727 3910; x_wconf 94' lang='lat' dir='ltr'><strong>eo</strong></span> <span class='ocrx_word' id='word_1_497' title='bbox 742 3853 827 3910; x_wconf 93' lang='lat' dir='ltr'><strong>nobis</strong></span> <span class='ocrx_word' id='word_1_498' title='bbox 842 3853 914 3911; x_wconf 81' lang='lat' dir='ltr'><strong>fide·</strong></span> <span class='ocrx_word' id='word_1_499' title='bbox 967 3851 1117 3921; x_wconf 91' lang='lat' dir='ltr'><strong>coluntur,</strong></span> <span class='ocrx_word' id='word_1_500' title='bbox 1131 3852 1167 3907; x_wconf 90' lang='lat' dir='ltr'><strong>ad</strong></span> <span class='ocrx_word' id='word_1_501' title='bbox 1184 3851 1281 3923; x_wconf 89' lang='lat' dir='ltr'><strong>ipsum</strong></span> <span class='ocrx_word' id='word_1_502' title='bbox 1297 3851 1410 3922; x_wconf 86' lang='lat' dir='ltr'><strong>dejure</strong></span> <span class='ocrx_word' id='word_1_503' title='bbox 1425 3852 1609 3923; x_wconf 89' lang='lat' dir='ltr'><strong>spectabant,</strong></span> <span class='ocrx_word' id='word_1_504' title='bbox 1624 3859 1652 3909; x_wconf 90' lang='lat' dir='ltr'><strong>et</strong></span> <span class='ocrx_word' id='word_1_505' title='bbox 1667 3854 1745 3926; x_wconf 91' lang='lat' dir='ltr'><strong>quod</strong></span> <span class='ocrx_word' id='word_1_506' title='bbox 1760 3853 1793 3911; x_wconf 86' lang='lat' dir='ltr'><strong>in</strong></span> 
     </span>
     <span class='ocr_line' id='line_1_45' title="bbox 88 3939 1793 4015; baseline 0.002 -20"><span class='ocrx_word' id='word_1_507' title='bbox 88 3939 156 3996; x_wconf 88' lang='lat' dir='ltr'><strong>liter</strong></span> <span class='ocrx_word' id='word_1_508' title='bbox 171 3941 350 4008; x_wconf 89' lang='lat' dir='ltr'><strong>intimasset,</strong></span> <span class='ocrx_word' id='word_1_509' title='bbox 365 3956 419 3996; x_wconf 90' lang='lat' dir='ltr'><strong>nos</strong></span> <span class='ocrx_word' id='word_1_510' title='bbox 434 3940 528 3996; x_wconf 89' lang='lat' dir='ltr'><strong>cidem</strong></span> <span class='ocrx_word' id='word_1_511' title='bbox 546 3941 731 4013; x_wconf 79' lang='lat' dir='ltr'><strong>injunximus</strong></span> <span class='ocrx_word' id='word_1_512' title='bbox 746 3947 780 3999; x_wconf 88' lang='lat' dir='ltr'><strong>nt</strong></span> <span class='ocrx_word' id='word_1_513' title='bbox 794 3943 830 3999; x_wconf 88' lang='lat' dir='ltr'><strong>de</strong></span> <span class='ocrx_word' id='word_1_514' title='bbox 844 3958 914 3998; x_wconf 92' lang='lat' dir='ltr'><strong>con·</strong></span> <span class='ocrx_word' id='word_1_515' title='bbox 968 3943 1073 3999; x_wconf 91' lang='lat' dir='ltr'><strong>castris</strong></span> <span class='ocrx_word' id='word_1_516' title='bbox 1087 3941 1171 4013; x_wconf 89' lang='lat' dir='ltr'><strong>ipsis,</strong></span> <span class='ocrx_word' id='word_1_517' title='bbox 1187 3944 1290 4012; x_wconf 89' lang='lat' dir='ltr'><strong>utpote</strong></span> <span class='ocrx_word' id='word_1_518' title='bbox 1305 3940 1335 3995; x_wconf 93' lang='lat' dir='ltr'><strong>in</strong></span> <span class='ocrx_word' id='word_1_519' title='bbox 1347 3956 1400 3996; x_wconf 93' lang='lat' dir='ltr'><strong>sua</strong></span> <span class='ocrx_word' id='word_1_520' title='bbox 1415 3940 1534 3997; x_wconf 84' lang='lat' dir='ltr'><strong>dioecesi</strong></span> <span class='ocrx_word' id='word_1_521' title='bbox 1545 3944 1728 4011; x_wconf 88' lang='lat' dir='ltr'><strong>constitutis,</strong></span> <span class='ocrx_word' id='word_1_522' title='bbox 1740 3957 1793 4015; x_wconf 88' lang='lat' dir='ltr'><strong>per</strong></span> 
     </span>
     <span class='ocr_line' id='line_1_46' title="bbox 89 4029 1792 4105; baseline 0.001 -18"><span class='ocrx_word' id='word_1_523' title='bbox 89 4030 156 4087; x_wconf 88' lang='lat' dir='ltr'><strong>silio</strong></span> <span class='ocrx_word' id='word_1_524' title='bbox 172 4030 269 4086; x_wconf 88' lang='lat' dir='ltr'><strong>dilecti</strong></span> <span class='ocrx_word' id='word_1_525' title='bbox 285 4029 336 4085; x_wconf 84' lang='lat' dir='ltr'><strong>lilii</strong></span> <span class='ocrx_word' id='word_1_526' title='bbox 353 4031 458 4103; x_wconf 80' lang='lat' dir='ltr'><strong>Pelagii</strong></span> <span class='ocrx_word' id='word_1_527' title='bbox 471 4031 586 4088; x_wconf 78' lang='lat' dir='ltr'><strong>Sanctae</strong></span> <span class='ocrx_word' id='word_1_528' title='bbox 598 4032 689 4088; x_wconf 82' lang='lat' dir='ltr'><strong>Lneie</strong></span> <span class='ocrx_word' id='word_1_529' title='bbox 704 4032 739 4088; x_wconf 90' lang='lat' dir='ltr'><strong>ad</strong></span> <span class='ocrx_word' id='word_1_530' title='bbox 751 4032 914 4105; x_wconf 86' lang='lat' dir='ltr'><strong>septasolis</strong></span> <span class='ocrx_word' id='word_1_531' title='bbox 967 4047 1019 4087; x_wconf 92' lang='lat' dir='ltr'><strong>vos</strong></span> <span class='ocrx_word' id='word_1_532' title='bbox 1035 4030 1302 4105; x_wconf 78' lang='lat' dir='ltr'><strong>chrismaminime</strong></span> <span class='ocrx_word' id='word_1_533' title='bbox 1316 4029 1584 4099; x_wconf 84' lang='lat' dir='ltr'><strong>conterridebebat,</strong></span> <span class='ocrx_word' id='word_1_534' title='bbox 1599 4032 1682 4088; x_wconf 91' lang='lat' dir='ltr'><strong>vobis</strong></span> <span class='ocrx_word' id='word_1_535' title='bbox 1693 4036 1792 4087; x_wconf 89' lang='lat' dir='ltr'><strong>autem</strong></span> 
     </span>
     <span class='ocr_line' id='line_1_47' title="bbox 87 4117 1792 4195; baseline 0.001 -20"><span class='ocrx_word' id='word_1_536' title='bbox 87 4119 204 4176; x_wconf 91' lang='lat' dir='ltr'><strong>diaconi</strong></span> <span class='ocrx_word' id='word_1_537' title='bbox 233 4117 392 4175; x_wconf 88' lang='lat' dir='ltr'><strong>cardinalis</strong></span> <span class='ocrx_word' id='word_1_538' title='bbox 421 4120 597 4177; x_wconf 87' lang='lat' dir='ltr'><strong>sententiam</strong></span> <span class='ocrx_word' id='word_1_539' title='bbox 622 4121 831 4195; x_wconf 79' lang='lat' dir='ltr'><strong>promulgaret.</strong></span> <span class='ocrx_word' id='word_1_540' title='bbox 859 4122 913 4187; x_wconf 87' lang='lat' dir='ltr'><strong>Oui</strong></span> <span class='ocrx_word' id='word_1_541' title='bbox 968 4119 1131 4177; x_wconf 89' lang='lat' dir='ltr'><strong>econtrario</strong></span> <span class='ocrx_word' id='word_1_542' title='bbox 1154 4119 1400 4190; x_wconf 87' lang='lat' dir='ltr'><strong>respondentibus</strong></span> <span class='ocrx_word' id='word_1_543' title='bbox 1415 4122 1504 4192; x_wconf 90' lang='lat' dir='ltr'><strong>qnod,</strong></span> <span class='ocrx_word' id='word_1_544' title='bbox 1520 4120 1575 4175; x_wconf 91' lang='lat' dir='ltr'><strong>etsi</strong></span> <span class='ocrx_word' id='word_1_545' title='bbox 1601 4120 1792 4191; x_wconf 79' lang='lat' dir='ltr'><strong>pretataede·</strong></span> 
     </span>
     <span class='ocr_line' id='line_1_48' title="bbox 87 4207 1793 4280; baseline 0.001 -16"><span class='ocrx_word' id='word_1_546' title='bbox 87 4224 268 4280; x_wconf 81' lang='lat' dir='ltr'><strong>cognoscens</strong></span> <span class='ocrx_word' id='word_1_547' title='bbox 299 4209 473 4280; x_wconf 78' lang='lat' dir='ltr'><strong>predictum</strong></span> <span class='ocrx_word' id='word_1_548' title='bbox 508 4209 691 4267; x_wconf 88' lang='lat' dir='ltr'><strong>Orandinum</strong></span> <span class='ocrx_word' id='word_1_549' title='bbox 720 4210 913 4268; x_wconf 90' lang='lat' dir='ltr'><strong>intentionem</strong></span> <span class='ocrx_word' id='word_1_550' title='bbox 968 4209 1050 4264; x_wconf 77' lang='lat' dir='ltr'><strong>eima</strong></span> <span class='ocrx_word' id='word_1_551' title='bbox 1066 4208 1100 4263; x_wconf 86' lang='lat' dir='ltr'><strong>ad</strong></span> <span class='ocrx_word' id='word_1_552' title='bbox 1116 4208 1253 4264; x_wconf 89' lang='lat' dir='ltr'><strong>eumdem</strong></span> <span class='ocrx_word' id='word_1_553' title='bbox 1267 4207 1438 4280; x_wconf 89' lang='lat' dir='ltr'><strong>episcopum</strong></span> <span class='ocrx_word' id='word_1_554' title='bbox 1454 4224 1642 4280; x_wconf 86' lang='lat' dir='ltr'><strong>nequaquam</strong></span> <span class='ocrx_word' id='word_1_555' title='bbox 1657 4209 1793 4280; x_wconf 72' lang='lat' dir='ltr'><strong>attolere</strong></span> 
     </span>
     <span class='ocr_line' id='line_1_49' title="bbox 88 4296 1792 4373; baseline 0.001 -21"><span class='ocrx_word' id='word_1_556' title='bbox 88 4313 173 4352; x_wconf 89' lang='lat' dir='ltr'><strong>suam</strong></span> <span class='ocrx_word' id='word_1_557' title='bbox 199 4297 321 4352; x_wconf 91' lang='lat' dir='ltr'><strong>minime</strong></span> <span class='ocrx_word' id='word_1_558' title='bbox 344 4298 522 4363; x_wconf 82' lang='lat' dir='ltr'><strong>fundavisse,</strong></span> <span class='ocrx_word' id='word_1_559' title='bbox 541 4315 607 4354; x_wconf 91' lang='lat' dir='ltr'><strong>cum</strong></span> <span class='ocrx_word' id='word_1_560' title='bbox 633 4304 751 4355; x_wconf 89' lang='lat' dir='ltr'><strong>auctore</strong></span> <span class='ocrx_word' id='word_1_561' title='bbox 767 4316 825 4355; x_wconf 92' lang='lat' dir='ltr'><strong>non</strong></span> <span class='ocrx_word' id='word_1_562' title='bbox 841 4316 914 4373; x_wconf 90' lang='lat' dir='ltr'><strong>pro·</strong></span> <span class='ocrx_word' id='word_1_563' title='bbox 968 4299 1145 4369; x_wconf 88' lang='lat' dir='ltr'><strong>spectarent,</strong></span> <span class='ocrx_word' id='word_1_564' title='bbox 1160 4296 1217 4350; x_wconf 92' lang='lat' dir='ltr'><strong>tuti</strong></span> <span class='ocrx_word' id='word_1_565' title='bbox 1233 4300 1332 4351; x_wconf 92' lang='lat' dir='ltr'><strong>tamen</strong></span> <span class='ocrx_word' id='word_1_566' title='bbox 1350 4296 1570 4367; x_wconf 79' lang='lat' dir='ltr'><strong>prascriptione</strong></span> <span class='ocrx_word' id='word_1_567' title='bbox 1588 4298 1792 4369; x_wconf 81' lang='lat' dir='ltr'><strong>quadragena·</strong></span> 
     </span>
     <span class='ocr_line' id='line_1_50' title="bbox 88 4380 1793 4459; baseline 0.001 -19"><span class='ocrx_word' id='word_1_568' title='bbox 88 4385 177 4441; x_wconf 90' lang='lat' dir='ltr'><strong>hante</strong></span> <span class='ocrx_word' id='word_1_569' title='bbox 192 4402 271 4452; x_wconf 90' lang='lat' dir='ltr'><strong>reus,</strong></span> <span class='ocrx_word' id='word_1_570' title='bbox 288 4386 342 4441; x_wconf 90' lang='lat' dir='ltr'><strong>etsi</strong></span> <span class='ocrx_word' id='word_1_571' title='bbox 366 4386 439 4443; x_wconf 92' lang='lat' dir='ltr'><strong>nihil</strong></span> <span class='ocrx_word' id='word_1_572' title='bbox 456 4387 636 4459; x_wconf 86' lang='lat' dir='ltr'><strong>praestiterit,</strong></span> <span class='ocrx_word' id='word_1_573' title='bbox 662 4388 766 4444; x_wconf 87' lang='lat' dir='ltr'><strong>debeat</strong></span> <span class='ocrx_word' id='word_1_574' title='bbox 781 4389 914 4446; x_wconf 90' lang='lat' dir='ltr'><strong>obtinere</strong></span> <span class='ocrx_word' id='word_1_575' title='bbox 967 4386 1020 4453; x_wconf 87' lang='lat' dir='ltr'><strong>rie,</strong></span> <span class='ocrx_word' id='word_1_576' title='bbox 1037 4399 1126 4456; x_wconf 88' lang='lat' dir='ltr'><strong>quam</strong></span> <span class='ocrx_word' id='word_1_577' title='bbox 1143 4380 1295 4453; x_wconf 80' lang='lat' dir='ltr'><strong>obligastis</strong></span> <span class='ocrx_word' id='word_1_578' title='bbox 1305 4399 1358 4439; x_wconf 85' lang='lat' dir='ltr'><strong>vox</strong></span> <span class='ocrx_word' id='word_1_579' title='bbox 1370 4384 1555 4455; x_wconf 88' lang='lat' dir='ltr'><strong>probaturos,</strong></span> <span class='ocrx_word' id='word_1_580' title='bbox 1564 4385 1664 4453; x_wconf 86' lang='lat' dir='ltr'><strong>eratis,</strong></span> <span class='ocrx_word' id='word_1_581' title='bbox 1677 4401 1730 4442; x_wconf 90' lang='lat' dir='ltr'><strong>noa</strong></span> <span class='ocrx_word' id='word_1_582' title='bbox 1740 4402 1793 4443; x_wconf 91' lang='lat' dir='ltr'><strong>au·</strong></span> 
     </span>
     <span class='ocr_line' id='line_1_51' title="bbox 83 4469 1793 4561; baseline 0.003 -34"><span class='ocrx_word' id='word_1_583' title='bbox 83 4474 168 4545; x_wconf 77' lang='lat' dir='ltr'><strong>Juxta</strong></span> <span class='ocrx_word' id='word_1_584' title='bbox 184 4471 913 4548; x_wconf 81' lang='lat' dir='ltr'><strong>legitimassunctioncs,adimpetitioneipsiusde</strong></span> <span class='ocrx_word' id='word_1_585' title='bbox 929 4494 955 4561; x_wconf 73' lang='lat' dir='ltr'>D</span> <span class='ocrx_word' id='word_1_586' title='bbox 970 4472 1040 4530; x_wconf 84' lang='lat' dir='ltr'><strong>datis</strong></span> <span class='ocrx_word' id='word_1_587' title='bbox 1063 4477 1092 4528; x_wconf 91' lang='lat' dir='ltr'><strong>et</strong></span> <span class='ocrx_word' id='word_1_588' title='bbox 1119 4469 1277 4527; x_wconf 88' lang='lat' dir='ltr'><strong>intellectis</strong></span> <span class='ocrx_word' id='word_1_589' title='bbox 1306 4471 1469 4527; x_wconf 89' lang='lat' dir='ltr'><strong>rationibus</strong></span> <span class='ocrx_word' id='word_1_590' title='bbox 1497 4478 1526 4528; x_wconf 92' lang='lat' dir='ltr'><strong>et</strong></span> <span class='ocrx_word' id='word_1_591' title='bbox 1553 4474 1793 4532; x_wconf 85' lang='lat' dir='ltr'><strong>attestationibus</strong></span> 
     </span>
    </p>
   </div>
   <div class='ocr_carea' id='block_1_6' title="bbox 87 4561 916 5506">
    <p class='ocr_par' dir='ltr' id='par_1_6' title="bbox 87 4561 916 5344">
     <span class='ocr_line' id='line_1_52' title="bbox 87 4561 913 4635; baseline 0.005 -16"><span class='ocrx_word' id='word_1_592' title='bbox 87 4561 212 4619; x_wconf 88' lang='lat' dir='ltr'><strong>coneilio</strong></span> <span class='ocrx_word' id='word_1_593' title='bbox 236 4561 395 4619; x_wconf 90' lang='lat' dir='ltr'><strong>cardinalis</strong></span> <span class='ocrx_word' id='word_1_594' title='bbox 419 4566 551 4635; x_wconf 80' lang='lat' dir='ltr'><strong>ejusdem</strong></span> <span class='ocrx_word' id='word_1_595' title='bbox 576 4565 791 4622; x_wconf 87' lang='lat' dir='ltr'><strong>sententialiter</strong></span> <span class='ocrx_word' id='word_1_596' title='bbox 813 4572 841 4623; x_wconf 90' lang='lat' dir='ltr'><strong>te</strong></span> <span class='ocrx_word' id='word_1_597' title='bbox 861 4567 913 4623; x_wconf 91' lang='lat' dir='ltr'><strong>ab·</strong></span> 
     </span>
     <span class='ocr_line' id='line_1_53' title="bbox 90 4649 913 4727; baseline 0.009 -21"><span class='ocrx_word' id='word_1_598' title='bbox 90 4649 186 4717; x_wconf 87' lang='lat' dir='ltr'><strong>solvit,</strong></span> <span class='ocrx_word' id='word_1_599' title='bbox 203 4666 321 4722; x_wconf 87' lang='lat' dir='ltr'><strong>semper</strong></span> <span class='ocrx_word' id='word_1_600' title='bbox 332 4652 491 4722; x_wconf 80' lang='lat' dir='ltr'><strong>premissis</strong></span> <span class='ocrx_word' id='word_1_601' title='bbox 501 4652 639 4710; x_wconf 90' lang='lat' dir='ltr'><strong>omnihus</strong></span> <span class='ocrx_word' id='word_1_602' title='bbox 650 4654 676 4709; x_wconf 88' lang='lat' dir='ltr'><strong>ei</strong></span> <span class='ocrx_word' id='word_1_603' title='bbox 688 4659 861 4727; x_wconf 89' lang='lat' dir='ltr'><strong>perpetuum</strong></span> <span class='ocrx_word' id='word_1_604' title='bbox 872 4655 913 4713; x_wconf 91' lang='lat' dir='ltr'><strong>si·</strong></span> 
     </span>
     <span class='ocr_line' id='line_1_54' title="bbox 89 4738 913 4812; baseline 0.008 -18"><span class='ocrx_word' id='word_1_605' title='bbox 89 4738 213 4795; x_wconf 91' lang='lat' dir='ltr'><strong>lentium</strong></span> <span class='ocrx_word' id='word_1_606' title='bbox 232 4739 419 4810; x_wconf 90' lang='lat' dir='ltr'><strong>imponendo.</strong></span> <span class='ocrx_word' id='word_1_607' title='bbox 432 4739 491 4796; x_wconf 84' lang='lat' dir='ltr'><strong>Nos</strong></span> <span class='ocrx_word' id='word_1_608' title='bbox 507 4741 913 4812; x_wconf 78' lang='lat' dir='ltr'><strong>igiturcjueaententiemra·</strong></span> 
     </span>
     <span class='ocr_line' id='line_1_55' title="bbox 91 4826 914 4902; baseline 0.01 -20"><span class='ocrx_word' id='word_1_609' title='bbox 91 4832 150 4883; x_wconf 89' lang='lat' dir='ltr'><strong>tam</strong></span> <span class='ocrx_word' id='word_1_610' title='bbox 168 4826 322 4897; x_wconf 89' lang='lat' dir='ltr'><strong>habentes,</strong></span> <span class='ocrx_word' id='word_1_611' title='bbox 333 4828 429 4900; x_wconf 88' lang='lat' dir='ltr'><strong>ipsam</strong></span> <span class='ocrx_word' id='word_1_612' title='bbox 441 4828 619 4886; x_wconf 89' lang='lat' dir='ltr'><strong>auctoritate</strong></span> <span class='ocrx_word' id='word_1_613' title='bbox 633 4831 795 4902; x_wconf 87' lang='lat' dir='ltr'><strong>apostolica</strong></span> <span class='ocrx_word' id='word_1_614' title='bbox 807 4834 914 4890; x_wconf 84' lang='lat' dir='ltr'><strong>couilr·</strong></span> 
     </span>
     <span class='ocr_line' id='line_1_56' title="bbox 90 4917 914 4990; baseline 0.006 -19"><span class='ocrx_word' id='word_1_615' title='bbox 90 4932 207 4972; x_wconf 89' lang='lat' dir='ltr'><strong>mamus</strong></span> <span class='ocrx_word' id='word_1_616' title='bbox 222 4923 251 4972; x_wconf 88' lang='lat' dir='ltr'><strong>et</strong></span> <span class='ocrx_word' id='word_1_617' title='bbox 273 4918 426 4988; x_wconf 80' lang='lat' dir='ltr'><strong>presentie</strong></span> <span class='ocrx_word' id='word_1_618' title='bbox 446 4917 549 4989; x_wconf 87' lang='lat' dir='ltr'><strong>scripti</strong></span> <span class='ocrx_word' id='word_1_619' title='bbox 565 4918 725 4990; x_wconf 91' lang='lat' dir='ltr'><strong>patrocinio</strong></span> <span class='ocrx_word' id='word_1_620' title='bbox 747 4922 914 4978; x_wconf 87' lang='lat' dir='ltr'><strong>communi·</strong></span> 
     </span>
     <span class='ocr_line' id='line_1_57' title="bbox 90 5004 914 5081; baseline 0.005 -21"><span class='ocrx_word' id='word_1_621' title='bbox 90 5021 167 5060; x_wconf 86' lang='lat' dir='ltr'><strong>mus.</strong></span> <span class='ocrx_word' id='word_1_622' title='bbox 183 5004 261 5060; x_wconf 88' lang='lat' dir='ltr'><strong>Nulli</strong></span> <span class='ocrx_word' id='word_1_623' title='bbox 278 5020 346 5076; x_wconf 82' lang='lat' dir='ltr'><strong>ergo</strong></span> <span class='ocrx_word' id='word_1_624' title='bbox 362 5005 482 5061; x_wconf 91' lang='lat' dir='ltr'><strong>omnino</strong></span> <span class='ocrx_word' id='word_1_625' title='bbox 498 5006 654 5062; x_wconf 92' lang='lat' dir='ltr'><strong>hominum</strong></span> <span class='ocrx_word' id='word_1_626' title='bbox 670 5006 757 5063; x_wconf 89' lang='lat' dir='ltr'><strong>liceat</strong></span> <span class='ocrx_word' id='word_1_627' title='bbox 772 5006 849 5064; x_wconf 90' lang='lat' dir='ltr'><strong>hanc</strong></span> <span class='ocrx_word' id='word_1_628' title='bbox 863 5025 914 5081; x_wconf 92' lang='lat' dir='ltr'><strong>pa·</strong></span> 
     </span>
     <span class='ocr_line' id='line_1_58' title="bbox 89 5093 914 5167; baseline 0.007 -21"><span class='ocrx_word' id='word_1_629' title='bbox 89 5093 188 5165; x_wconf 82' lang='lat' dir='ltr'><strong>ginam</strong></span> <span class='ocrx_word' id='word_1_630' title='bbox 205 5098 313 5149; x_wconf 75' lang='lat' dir='ltr'><strong>nostras</strong></span> <span class='ocrx_word' id='word_1_631' title='bbox 322 5094 555 5150; x_wconf 75' lang='lat' dir='ltr'><strong>confirmationis</strong></span> <span class='ocrx_word' id='word_1_632' title='bbox 569 5094 730 5167; x_wconf 79' lang='lat' dir='ltr'><strong>intringere</strong></span> <span class='ocrx_word' id='word_1_633' title='bbox 739 5095 825 5151; x_wconf 84' lang='lat' dir='ltr'><strong>antei</strong></span> <span class='ocrx_word' id='word_1_634' title='bbox 840 5111 914 5152; x_wconf 89' lang='lat' dir='ltr'><strong>ausu</strong></span> 
     </span>
     <span class='ocr_line' id='line_1_59' title="bbox 89 5181 916 5256; baseline 0.007 -20"><span class='ocrx_word' id='word_1_635' title='bbox 89 5181 245 5237; x_wconf 89' lang='lat' dir='ltr'><strong>temerario</strong></span> <span class='ocrx_word' id='word_1_636' title='bbox 268 5183 425 5239; x_wconf 90' lang='lat' dir='ltr'><strong>contraire.</strong></span> <span class='ocrx_word' id='word_1_637' title='bbox 442 5182 472 5238; x_wconf 89' lang='lat' dir='ltr'><strong>Si</strong></span> <span class='ocrx_word' id='word_1_638' title='bbox 490 5185 558 5256; x_wconf 89' lang='lat' dir='ltr'><strong>quis</strong></span> <span class='ocrx_word' id='word_1_639' title='bbox 573 5188 672 5240; x_wconf 86' lang='lat' dir='ltr'><strong>antem</strong></span> <span class='ocrx_word' id='word_1_640' title='bbox 702 5183 757 5240; x_wconf 90' lang='lat' dir='ltr'><strong>hoc</strong></span> <span class='ocrx_word' id='word_1_641' title='bbox 771 5187 916 5242; x_wconf 84' lang='lat' dir='ltr'><strong>attentare</strong></span> 
     </span>
     <span class='ocr_line' id='line_1_60' title="bbox 88 5270 723 5344; baseline 0.008 -20"><span class='ocrx_word' id='word_1_642' title='bbox 88 5270 321 5342; x_wconf 79' lang='lat' dir='ltr'><strong>presumpserit,</strong></span> <span class='ocrx_word' id='word_1_643' title='bbox 337 5277 405 5343; x_wconf 73' lang='lat' dir='ltr'><strong>ete,</strong></span> <span class='ocrx_word' id='word_1_644' title='bbox 420 5289 508 5344; x_wconf 82' lang='lat' dir='ltr'><strong>eaque</strong></span> <span class='ocrx_word' id='word_1_645' title='bbox 522 5272 723 5330; x_wconf 89' lang='lat' dir='ltr'><strong>incursurum.</strong></span> 
     </span>
    </p>

    <p class='ocr_par' dir='ltr' id='par_1_7' title="bbox 94 5358 916 5506">
     <span class='ocr_line' id='line_1_61' title="bbox 123 5358 916 5436; baseline 0.009 -23"><span class='ocrx_word' id='word_1_646' title='bbox 123 5358 232 5414; x_wconf 87' lang='lat' dir='ltr'><strong>llatum</strong></span> <span class='ocrx_word' id='word_1_647' title='bbox 246 5359 405 5430; x_wconf 81' lang='lat' dir='ltr'><strong>Ferentini,</strong></span> <span class='ocrx_word' id='word_1_648' title='bbox 421 5359 512 5419; x_wconf 83' lang='lat' dir='ltr'><strong>allel.</strong></span> <span class='ocrx_word' id='word_1_649' title='bbox 523 5361 716 5435; x_wconf 78' lang='lat' dir='ltr'><strong>Septembris,</strong></span> <span class='ocrx_word' id='word_1_650' title='bbox 727 5362 916 5436; x_wconf 85' lang='lat' dir='ltr'><strong>pontilioatus</strong></span> 
     </span>
     <span class='ocr_line' id='line_1_62' title="bbox 94 5447 454 5506; baseline 0.008 -3"><span class='ocrx_word' id='word_1_651' title='bbox 94 5447 189 5504; x_wconf 90' lang='lat' dir='ltr'><strong>nostri</strong></span> <span class='ocrx_word' id='word_1_652' title='bbox 204 5464 280 5504; x_wconf 93' lang='lat' dir='ltr'><strong>anno</strong></span> <span class='ocrx_word' id='word_1_653' title='bbox 296 5450 454 5506; x_wconf 89' lang='lat' dir='ltr'><strong>undecimo</strong></span> 
     </span>
    </p>
   </div>
   <div class='ocr_carea' id='block_1_7' title="bbox 127 5573 605 5651">
    <p class='ocr_par' dir='ltr' id='par_1_8' title="bbox 127 5573 605 5651">
     <span class='ocr_line' id='line_1_63' title="bbox 127 5573 605 5651; baseline 0.008 -21"><span class='ocrx_word' id='word_1_654' title='bbox 127 5573 184 5648; x_wconf 80' lang='grc'>(82)</span> <span class='ocrx_word' id='word_1_655' title='bbox 198 5573 268 5650; x_wconf 85' lang='lat' dir='ltr'><strong>Cap.</strong></span> <span class='ocrx_word' id='word_1_656' title='bbox 284 5579 327 5634; x_wconf 77' lang='lat' dir='ltr'><strong>lle</strong></span> <span class='ocrx_word' id='word_1_657' title='bbox 338 5584 427 5651; x_wconf 83' lang='lat' dir='ltr'><strong>perte,</strong></span> <span class='ocrx_word' id='word_1_658' title='bbox 443 5577 483 5635; x_wconf 83' lang='lat' dir='ltr'><strong>lle</strong></span> <span class='ocrx_word' id='word_1_659' title='bbox 499 5576 605 5635; x_wconf 83' lang='lat' dir='ltr'><strong>leudis.</strong></span> 
     </span>
    </p>
   </div>
   <div class='ocr_carea' id='block_1_8' title="bbox 969 4561 1885 4637">
    <p class='ocr_par' dir='ltr' id='par_1_9' title="bbox 969 4561 1885 4637">
     <span class='ocr_line' id='line_1_64' title="bbox 969 4561 1885 4637; baseline 0 -16"><span class='ocrx_word' id='word_1_660' title='bbox 969 4561 1228 4633; x_wconf 86' lang='lat' dir='ltr'><strong>utriusquepartis</strong></span> <span class='ocrx_word' id='word_1_661' title='bbox 1244 4577 1342 4618; x_wconf 91' lang='lat' dir='ltr'><strong>coram</strong></span> <span class='ocrx_word' id='word_1_662' title='bbox 1357 4562 1476 4633; x_wconf 82' lang='lat' dir='ltr'><strong>prelato</strong></span> <span class='ocrx_word' id='word_1_663' title='bbox 1490 4562 1630 4621; x_wconf 87' lang='lat' dir='ltr'><strong>cardinali</strong></span> <span class='ocrx_word' id='word_1_664' title='bbox 1643 4564 1793 4637; x_wconf 90' lang='lat' dir='ltr'><strong>productis</strong></span> <span class='ocrx_word' id='word_1_665' title='bbox 1882 4616 1885 4621; x_wconf 93' lang='grc'><em>,</em></span> 
     </span>
    </p>
   </div>
   <div class='ocr_carea' id='block_1_9' title="bbox 968 4649 1794 5509">
    <p class='ocr_par' dir='ltr' id='par_1_10' title="bbox 968 4649 1793 5346">
     <span class='ocr_line' id='line_1_65' title="bbox 968 4649 1793 4726; baseline -0.001 -15"><span class='ocrx_word' id='word_1_666' title='bbox 968 4657 997 4711; x_wconf 90' lang='lat' dir='ltr'><strong>et</strong></span> <span class='ocrx_word' id='word_1_667' title='bbox 1012 4651 1097 4709; x_wconf 91' lang='lat' dir='ltr'><strong>nobis</strong></span> <span class='ocrx_word' id='word_1_668' title='bbox 1122 4649 1223 4707; x_wconf 88' lang='lat' dir='ltr'><strong>relatis</strong></span> <span class='ocrx_word' id='word_1_669' title='bbox 1238 4650 1365 4706; x_wconf 83' lang='lat' dir='ltr'><strong>fideliter</strong></span> <span class='ocrx_word' id='word_1_670' title='bbox 1382 4667 1433 4723; x_wconf 90' lang='lat' dir='ltr'><strong>per</strong></span> <span class='ocrx_word' id='word_1_671' title='bbox 1447 4652 1598 4720; x_wconf 85' lang='lat' dir='ltr'><strong>eumdem,</strong></span> <span class='ocrx_word' id='word_1_672' title='bbox 1614 4656 1650 4710; x_wconf 90' lang='lat' dir='ltr'><strong>ab</strong></span> <span class='ocrx_word' id='word_1_673' title='bbox 1673 4654 1793 4726; x_wconf 88' lang='lat' dir='ltr'><strong>impeti-</strong></span> 
     </span>
     <span class='ocr_line' id='line_1_66' title="bbox 968 4739 1791 4815; baseline 0 -16"><span class='ocrx_word' id='word_1_674' title='bbox 968 4743 1049 4799; x_wconf 90' lang='lat' dir='ltr'><strong>tione</strong></span> <span class='ocrx_word' id='word_1_675' title='bbox 1063 4741 1158 4813; x_wconf 89' lang='lat' dir='ltr'><strong>ipsius</strong></span> <span class='ocrx_word' id='word_1_676' title='bbox 1180 4739 1311 4812; x_wconf 85' lang='lat' dir='ltr'><strong>episcopi</strong></span> <span class='ocrx_word' id='word_1_677' title='bbox 1326 4757 1415 4810; x_wconf 90' lang='lat' dir='ltr'><strong>super</strong></span> <span class='ocrx_word' id='word_1_678' title='bbox 1430 4741 1551 4798; x_wconf 90' lang='lat' dir='ltr'><strong>decimis</strong></span> <span class='ocrx_word' id='word_1_679' title='bbox 1571 4743 1730 4815; x_wconf 81' lang='lat' dir='ltr'><strong>prelibatis</strong></span> <span class='ocrx_word' id='word_1_680' title='bbox 1741 4744 1791 4812; x_wconf 88' lang='lat' dir='ltr'><strong>jn·</strong></span> 
     </span>
     <span class='ocr_line' id='line_1_67' title="bbox 969 4828 1792 4903; baseline -0.001 -15"><span class='ocrx_word' id='word_1_681' title='bbox 969 4832 1052 4889; x_wconf 87' lang='lat' dir='ltr'><strong>stitia</strong></span> <span class='ocrx_word' id='word_1_682' title='bbox 1062 4847 1112 4886; x_wconf 89' lang='lat' dir='ltr'><strong>vos</strong></span> <span class='ocrx_word' id='word_1_683' title='bbox 1121 4828 1304 4886; x_wconf 87' lang='lat' dir='ltr'><strong>absolvimus</strong></span> <span class='ocrx_word' id='word_1_684' title='bbox 1315 4828 1458 4901; x_wconf 81' lang='lat' dir='ltr'><strong>exigente,</strong></span> <span class='ocrx_word' id='word_1_685' title='bbox 1470 4830 1655 4903; x_wconf 88' lang='lat' dir='ltr'><strong>imponentes</strong></span> <span class='ocrx_word' id='word_1_686' title='bbox 1664 4833 1690 4887; x_wconf 89' lang='lat' dir='ltr'><strong>ei</strong></span> <span class='ocrx_word' id='word_1_687' title='bbox 1701 4830 1792 4888; x_wconf 89' lang='lat' dir='ltr'><strong>silen-</strong></span> 
     </span>
     <span class='ocr_line' id='line_1_68' title="bbox 968 4915 1792 4992; baseline -0.002 -15"><span class='ocrx_word' id='word_1_688' title='bbox 968 4922 1042 4977; x_wconf 89' lang='lat' dir='ltr'><strong>tium</strong></span> <span class='ocrx_word' id='word_1_689' title='bbox 1060 4935 1149 4992; x_wconf 89' lang='lat' dir='ltr'><strong>super</strong></span> <span class='ocrx_word' id='word_1_690' title='bbox 1163 4916 1248 4987; x_wconf 88' lang='lat' dir='ltr'><strong>ipsis,</strong></span> <span class='ocrx_word' id='word_1_691' title='bbox 1277 4915 1464 4975; x_wconf 89' lang='lat' dir='ltr'><strong>collationem</strong></span> <span class='ocrx_word' id='word_1_692' title='bbox 1485 4936 1552 4976; x_wconf 92' lang='lat' dir='ltr'><strong>vero</strong></span> <span class='ocrx_word' id='word_1_693' title='bbox 1577 4920 1746 4976; x_wconf 88' lang='lat' dir='ltr'><strong>chrismatis</strong></span> <span class='ocrx_word' id='word_1_694' title='bbox 1761 4920 1792 4975; x_wconf 92' lang='lat' dir='ltr'><strong>in</strong></span> 
     </span>
     <span class='ocr_line' id='line_1_69' title="bbox 970 5006 1792 5081; baseline -0.001 -17"><span class='ocrx_word' id='word_1_695' title='bbox 970 5007 1118 5081; x_wconf 79' lang='lat' dir='ltr'><strong>predictis</strong></span> <span class='ocrx_word' id='word_1_696' title='bbox 1126 5008 1231 5064; x_wconf 89' lang='lat' dir='ltr'><strong>castris</strong></span> <span class='ocrx_word' id='word_1_697' title='bbox 1240 5006 1475 5077; x_wconf 78' lang='lat' dir='ltr'><strong>edJ&#39;udicavimus</strong></span> <span class='ocrx_word' id='word_1_698' title='bbox 1483 5012 1620 5080; x_wconf 91' lang='lat' dir='ltr'><strong>episcopo</strong></span> <span class='ocrx_word' id='word_1_699' title='bbox 1632 5011 1792 5064; x_wconf 88' lang='lat' dir='ltr'><strong>memorato</strong></span> 
     </span>
     <span class='ocr_line' id='line_1_70' title="bbox 969 5095 1793 5169; baseline 0 -15"><span class='ocrx_word' id='word_1_700' title='bbox 969 5096 1047 5154; x_wconf 88' lang='lat' dir='ltr'><strong>Nulli</strong></span> <span class='ocrx_word' id='word_1_701' title='bbox 1058 5112 1126 5169; x_wconf 81' lang='lat' dir='ltr'><strong>ergo</strong></span> <span class='ocrx_word' id='word_1_702' title='bbox 1129 5136 1237 5153; x_wconf 91' lang='grc'><strong>......</strong></span> <span class='ocrx_word' id='word_1_703' title='bbox 1247 5097 1323 5152; x_wconf 88' lang='lat' dir='ltr'><strong>hanc</strong></span> <span class='ocrx_word' id='word_1_704' title='bbox 1333 5098 1470 5169; x_wconf 81' lang='lat' dir='ltr'><strong>pagiuam</strong></span> <span class='ocrx_word' id='word_1_705' title='bbox 1484 5102 1591 5152; x_wconf 78' lang='lat' dir='ltr'><strong>nostre</strong></span> <span class='ocrx_word' id='word_1_706' title='bbox 1606 5095 1793 5155; x_wconf 82' lang='lat' dir='ltr'><strong>dilssnitionia</strong></span> 
     </span>
     <span class='ocr_line' id='line_1_71' title="bbox 968 5184 1791 5259; baseline 0.001 -17"><span class='ocrx_word' id='word_1_707' title='bbox 968 5185 1139 5256; x_wconf 78' lang='lat' dir='ltr'><strong>intringere,</strong></span> <span class='ocrx_word' id='word_1_708' title='bbox 1154 5188 1208 5239; x_wconf 89' lang='lat' dir='ltr'><strong>etc.</strong></span> <span class='ocrx_word' id='word_1_709' title='bbox 1234 5184 1263 5239; x_wconf 87' lang='lat' dir='ltr'><strong>Si</strong></span> <span class='ocrx_word' id='word_1_710' title='bbox 1275 5185 1344 5256; x_wconf 90' lang='lat' dir='ltr'><strong>quis</strong></span> <span class='ocrx_word' id='word_1_711' title='bbox 1357 5190 1456 5242; x_wconf 66' lang='lat' dir='ltr'><strong>summ</strong></span> <span class='ocrx_word' id='word_1_712' title='bbox 1482 5184 1536 5241; x_wconf 92' lang='lat' dir='ltr'><strong>boc</strong></span> <span class='ocrx_word' id='word_1_713' title='bbox 1550 5187 1695 5242; x_wconf 91' lang='lat' dir='ltr'><strong>attentare</strong></span> <span class='ocrx_word' id='word_1_714' title='bbox 1718 5202 1791 5259; x_wconf 81' lang='lat' dir='ltr'><strong>pres·</strong></span> 
     </span>
     <span class='ocr_line' id='line_1_72' title="bbox 970 5272 1541 5346; baseline -0.005 -15"><span class='ocrx_word' id='word_1_715' title='bbox 970 5272 1142 5346; x_wconf 86' lang='lat' dir='ltr'><strong>sumpserit,</strong></span> <span class='ocrx_word' id='word_1_716' title='bbox 1157 5278 1225 5339; x_wconf 81' lang='lat' dir='ltr'><strong>etc,</strong></span> <span class='ocrx_word' id='word_1_717' title='bbox 1241 5288 1327 5346; x_wconf 76' lang='lat' dir='ltr'><strong>sapae</strong></span> <span class='ocrx_word' id='word_1_718' title='bbox 1339 5273 1541 5331; x_wconf 88' lang='lat' dir='ltr'><strong>incursurum.</strong></span> 
     </span>
    </p>

    <p class='ocr_par' dir='ltr' id='par_1_11' title="bbox 970 5359 1794 5509">
     <span class='ocr_line' id='line_1_73' title="bbox 1007 5359 1794 5434; baseline 0.003 -16"><span class='ocrx_word' id='word_1_719' title='bbox 1007 5362 1112 5418; x_wconf 82' lang='lat' dir='ltr'><strong>ilatum</strong></span> <span class='ocrx_word' id='word_1_720' title='bbox 1128 5359 1286 5426; x_wconf 83' lang='lat' dir='ltr'><strong>Ferentini,</strong></span> <span class='ocrx_word' id='word_1_721' title='bbox 1301 5376 1341 5415; x_wconf 87' lang='lat' dir='ltr'><strong>xri</strong></span> <span class='ocrx_word' id='word_1_722' title='bbox 1357 5360 1420 5416; x_wconf 81' lang='lat' dir='ltr'><strong>llal.</strong></span> <span class='ocrx_word' id='word_1_723' title='bbox 1437 5359 1620 5433; x_wconf 85' lang='lat' dir='ltr'><strong>Novembris,</strong></span> <span class='ocrx_word' id='word_1_724' title='bbox 1637 5363 1794 5434; x_wconf 88' lang='lat' dir='ltr'><strong>pontitica·</strong></span> 
     </span>
     <span class='ocr_line' id='line_1_74' title="bbox 970 5446 1394 5509; baseline -0.009 0"><span class='ocrx_word' id='word_1_725' title='bbox 970 5456 1019 5509; x_wconf 90' lang='lat' dir='ltr'><strong>tus</strong></span> <span class='ocrx_word' id='word_1_726' title='bbox 1034 5447 1126 5506; x_wconf 87' lang='lat' dir='ltr'><strong>nostrl</strong></span> <span class='ocrx_word' id='word_1_727' title='bbox 1139 5463 1216 5504; x_wconf 92' lang='lat' dir='ltr'><strong>anuo</strong></span> <span class='ocrx_word' id='word_1_728' title='bbox 1232 5446 1394 5505; x_wconf 84' lang='lat' dir='ltr'><strong>undecimo·</strong></span> 
     </span>
    </p>
   </div>
   <div class='ocr_carea' id='block_1_10' title="bbox 0 0 1896 6000">
    <p class='ocr_par' dir='ltr' id='par_1_12' title="bbox 0 0 1896 6000">
     <span class='ocr_line' id='line_1_75' title="bbox 0 0 1896 6000; baseline 0 0"><span class='ocrx_word' id='word_1_729' title='bbox 0 0 1896 6000; x_wconf 95' lang='lat' dir='ltr'><strong> </strong></span> 
     </span>
    </p>
   </div>
  </div>
 </body>
</html>
