3780 6000
108 270 164 324 aas
611 265 865 323 enarraremus
885 264 981 322 anua
1001 264 1059 332 vu,
1079 266 1220 323 onarsrr
1241 269 1318 324 raas.
1767 238 1821 338 i„
1885 306 1889 315 .

111 418 129 457 a
144 400 378 457 contradictione
392 398 573 467 cessandum,
590 405 616 455 et
630 414 679 455 ros
693 397 823 454 insistere
848 397 943 455 volue-
956 396 990 466 Α
1003 395 1186 453 sericorditer
1199 397 1372 469 dignaretur.
1390 401 1515 474 Cumque
1531 402 1614 461 multi
1626 405 1752 478 ejusdam
1764 411 1826 469 ll...

110 489 174 547 ritis
190 492 226 547 ad
247 489 446 562 postulationis
469 490 587 561 gratiam
614 488 811 559 obtinendam,
834 485 942 544 nibilo-
998 485 1096 552 amici,
1113 495 1168 542 tarn
1184 488 1282 544 clerici
1297 505 1385 560 quarn
1407 491 1484 558 laici,
1499 495 1697 563 apuddictum
1709 500 1822 558 arcbie-

111 581 214 638 minus
245 582 321 638 inira
363 581 560 652 prescriptum
606 580 761 635 terminum
808 593 943 648 personas
998 576 1145 647 piscopum
1176 578 1359 648 institissent,
1391 592 1550 641 asserentes
1579 589 1758 645 concorditer
1787 591 1826 648 ita

110 671 232 727 idoneus
261 673 295 726 ad
325 674 454 727 nostram
485 669 666 741 praesentiam
694 668 854 735 destinatis,
880 684 942 739 qrrar
997 664 1169 735 esse‚idem,
1187 669 1460 740 ipsorumprccibus
1485 672 1627 744 inrigatus,
1656 677 1733 735 dicto
1762 679 1823 739 il...
1875 684 1882 693 '

111 760 198 817 nobis
215 759 298 816 iidem
313 761 405 817 iaccre
420 759 508 816 velint
522 764 551 815 et
566 758 690 828 valeant,
706 774 791 829 super
807 758 852 814 bis
879 775 942 829 quo
998 757 1159 824 pradictum
1180 758 1321 814 concessit
1343 761 1536 831 prebendam.
1561 764 1677 838 Verum,
1702 767 1823 826 dilectus

110 853 225 908 luerint
239 858 408 924 opportuna.
428 852 508 919 Quod
534 850 568 918 si,
594 850 856 908 contradicentibus
880 850 941 920 epi·
998 844 1083 914 itlius,
1101 847 1234 917 magister
1249 848 1353 917 Gnido,
1369 850 1549 909 Nareriensis
1565 859 1734 924 canonicus,
1759 874 1822 917 me·

109 943 210 1014 scopis
241 942 415 1012 memoratis,
446 958 494 998 ros
522 942 619 997 minus
646 939 772 1011 dejure
814 939 941 997 videritis
997 937 1822 1020 memoratoarcbiepiscopopostmodumintimavit,quod
1869 990 1875 1000 .

107 1032 328 1103 confidendum,
340 1048 377 1089 na
392 1031 537 1087 incassum
554 1030 681 1087 laborem
696 1027 821 1086 subeatis
835 1029 941 1101 pariter
995 1023 1020 1080 ei
1036 1025 1124 1081 iuerat
1140 1026 1210 1083 laiso
1225 1037 1398 1099 suggestum,
1415 1031 1545 1088 videlicet
1568 1036 1644 1105 quod
1668 1037 1822 1108 prebenda

105 1130 132 1178 et
148 1122 292 1189 dolorem,
307 1121 393 1179 aliam
408 1119 489 1178 vobis
510 1135 661 1192 personam
687 1120 818 1176 idoneam
843 1119 939 1191 provi·
994 1123 1115 1184 vacaret,
1131 1131 1197 1173 cum
1211 1116 1285 1174 iuter
1300 1118 1361 1175 Μ...
1378 1129 1509 1191 nepotem
1527 1123 1655 1194 ejusdem
1680 1129 1820 1209 magistri,

106 1211 201 1269 deatia
215 1212 355 1269 canonice
369 1210 398 1266 in
415 1217 567 1282 pastorem.
993 1210 1020 1259 ct
1034 1203 1175 1262 loannem
1192 1207 1349 1277 bruxuard,
1368 1218 1499 1282 patruum
1516 1214 1644 1284 predicti
1656 1215 1721 1273 tt...
1733 1233 1819 1289 super

142 1303 364 1373 nmmum,
380 1304 455 1377 ,pud
470 1306 606 1359 sanctum
622 1301 747 1370 Petrum,
763 1317 783 1357 χ
797 1300 938 1359 Kalendas
992 1293 1089 1348 cariem
1106 1295 1269 1365 praebenda,
1286 1313 1382 1354 coram
1393 1299 1539 1371 judicibus
1566 1320 1583 1359 a
1612 1304 1677 1360 sede
1703 1314 1818 1377 aposto·

107 1394 287 1453 Decembris,
992 1380 1047 1438 lica
1061 1383 1198 1456 delegatis
1212 1402 1245 1441 eo
1261 1392 1390 1459 tempore
1404 1391 1520 1461 questio
1534 1397 1709 1464 verteretur3
1726 1397 1817 1455 unda.
1875 1441 1880 1448 .

139 1486 280 1558 Scriptum
296 1487 335 1542 αι
346 1498 431 1554 mppr
445 1482 494 1540 top
509 1484 576 1555 regi,
593 1483 642 1538 poe
656 1482 768 1539 annito:
786 1481 937 1539 monemus
992 1471 1102 1528 dicebat
1118 1475 1300 1533 donationem
1316 1478 1395 1535 illam
1410 1479 1519 1536 nullius
1529 1499 1589 1540 esse
1602 1487 1739 1542 momenti
1748 1504 1815 1545 cum

106 1573 517 1649 igituroepsitudjnempum,
542 1576 682 1645 quatenu,
706 1572 854 1643 pfaedpm,
877 1572 936 1642 091.
992 1561 1076 1618 luerit
1091 1563 1173 1620 tacita
1202 1567 1318 1624 veritate
1345 1570 1491 1641 subrepta,
1520 1575 1558 1638 et,
1580 1573 1670 1629 multa
1700 1574 1816 1648 insuper

107 1664 508 1737 scaposnonimpediasuec
529 1662 661 1733 impediri
684 1662 842 1733 permittas,
867 1677 936 1733 qno.
991 1654 1475 1728 superpraedictisproponena,ad
1505 1662 1600 1718 aedem
1630 1663 1815 1734 apostolicam

107 1756 207 1812 minus
222 1753 347 1826 episcopi
362 1753 519 1825 supradicti
534 1768 614 1808 suam
628 1752 705 1825 apud
722 1767 775 1809 nos
791 1751 932 1822 justitiam
948 1775 975 1842 B
989 1741 1151 1814 titillavit
1168 1748 1326 1814 D⁰⁵ll¹¹⁸¹¹³2
1344 1755 1373 1802 ¹¹¹
1387 1764 1436 1818 l>ir
1452 1748 1559 1806 000108
1574 1766 1638 1807 0008
1664 1753 1747 1810 nobit
1773 1755 1815 1813 rel

105 1844 199 1902 libera
213 1851 431 1915 prosequantur.

142 1937 257 1996 Datum,
273 1940 304 1988 at
318 1933 348 1988 tn
362 1930 434 1988 alla.

432 2021 496 2077 Cbll
513 2021 597 2094 (444).

100 2129 121 2168 ra
123 2151 196 2168 ......
216 2126 310 2169 aaroni
330 2126 440 2167 sanare
459 2128 553 2167 arama
577 2127 743 2167 urooraarne
769 2127 803 2166 aa
831 2125 932 2166 urma-

475 2217 569 2256 ranas.

103 2288 233 2347 Concedit
249 2291 278 2346 ei
288 2289 439 2346 Ecclesiam
453 2288 488 2344 ab
500 2288 657 2344 Alexandro
672 2294 729 2347 ΡΡ.
753 2289 933 2361 fabricatam,

137 2379 163 2419 e.
180 2362 232 2418 snb
246 2363 414 2432 proprietate
429 2365 461 2416 B.
491 2362 568 2416 Petri
595 2361 731 2431 relictam,
760 2362 810 2418 sub
838 2376 932 2417 annuo

137 2450 226 2491 censu
239 2434 360 2490 duarum
377 2437 513 2490 librarum
527 2449 605 2489 cera.

213 2524 308 2595 (Apud
323 2525 353 2580 S.
369 2525 495 2592 Petrum,
510 2538 561 2578 vrrr
578 2521 637 2578 Kal.
653 2522 810 2586 Decembl.

136 2614 220 2670 Sicut
245 2615 274 2669 iu
302 2614 467 2670 authentico
495 2610 585 2669 ielicis
613 2612 757 2669 memorie
787 2605 932 2669 celestini

101 2720 194 2775 papea,
210 2704 429 2776 predecessoris
443 2702 544 2770 nostri,
569 2702 766 2773 perspeximus
790 2702 932 2759 contineri

100 2792 277 2861 nobillsvir,
292 2797 348 2849 P...
364 2794 399 2850 de
420 2792 594 2863 lacopessel,
625 2792 745 2848 landum
773 2793 808 2850 de
836 2790 930 2848 Valle·

100 2881 188 2938 Fores
203 2882 337 2939 Ecclesiae
365 2882 499 2938 Romane
526 2879 637 2948 obtulit,
670 2881 700 2936 in
729 2895 785 2951 quo
809 2877 931 2937 ecclesia

99 2970 194 3028 beate
210 2971 307 3028 biarirc
323 2971 509 3041 ldagdalenaa,
533 2978 698 3028 constructa
719 2987 735 3026 4
760 2969 842 3026 bone
870 2985 930 3026 ma·

99 3063 201 3118 morie
216 3061 382 3117 Alexandro
396 3077 478 3132 papa,
496 3062 702 3130 predecessore
717 3065 828 3129 nostro,
843 3059 873 3115 lu
883 3060 931 3129 jus

97 3150 149 3207 luit
164 3159 193 3207 et
208 3150 409 3224 proprietatem
424 3150 497 3207 beati
513 3150 586 3206 Petri
603 3156 723 3218 recepta.
747 3149 805 3206 Nos
828 3149 925 3221 igitur,
940 3155 967 3222 G

95 3240 265 3298 corumdem
281 3242 687 3312 predecessoramnastrarum
697 3238 925 3311 vestigiisinbas·

96 3334 208 3399 rentes,
223 3331 355 3388 eamdem
373 3330 524 3388 ecclesiam
548 3329 600 3386 sub
629 3338 722 3385 nostra
751 3328 927 3399 protectione

96 3421 285 3493 suscipimus,
299 3430 354 3478 etc.
369 3437 464 3493 usqae,
481 3419 704 3477 communimus.
720 3419 762 3474 sd
786 3418 926 3475 indicium

96 3517 206 3580 sutem,
221 3512 295 3582 quod
311 3511 411 3568 eadem
427 3510 549 3567 ecclesia
564 3509 641 3565 beati
656 3508 732 3563 Petri
740 3507 812 3577 juris
824 3514 925 3578 etpro-

98 3600 231 3672 prietetia
246 3601 358 3670 existat,
375 3600 458 3657 nobis
468 3608 494 3656 et
507 3596 717 3655 successoribus
727 3596 841 3666 nostris,
853 3614 926 3669 quas

96 3689 191 3745 libras
205 3705 277 3747 ceras
293 3691 415 3757 ataaatis
433 3690 517 3746 annis
541 3687 678 3744 exsolves.
705 3685 784 3745 Nulli
810 3702 923 3760 ergo...

95 3787 203 3835 nostra
219 3780 416 3851 protectionis,
431 3785 485 3836 etc.
501 3778 530 3834 Si
545 3776 611 3849 quis
624 3785 730 3843 autem,
745 3784 799 3833 etc.

130 3869 239 3926 Datum
259 3869 458 3941 Rama,lspud
483 3871 619 3924 sanctum
645 3867 771 3937 Petrum,
797 3867 925 3922 4414114-

93 3958 199 4017 laudas
211 3958 388 4017 Decembris.

468 4038 551 4094 CLX.

93 4168 154 4188 .....
173 4144 308 4188 arrsoaro
325 4127 430 4200 ((115),
450 4143 484 4183 ar
519 4142 657 4183 caarruao
693 4141 920 4183 aovanransusus.

94 4202 307 4260 concessionem
320 4200 473 4272 prebenda
493 4199 637 4271 cujusdam
660 4198 694 4252 alt
718 4196 920 4270 arclaiepiscopo

288 4271 488 4329 Mediolanensi
501 4274 604 4343 sactum
619 4271 727 4325 irritat.

202 4363 293 4434 (Apud
306 4367 333 4418 S.
352 4363 478 4431 Petrum,
494 4379 521 4416 rx
537 4360 599 4415 Kal.
618 4357 802 4430 Decembris.)

127 4451 162 4509 ln
177 4448 919 4510 111144144444444141Ιί41441415444141...Μ401014444414

988 1830 1090 1888 seriem
1105 1835 1257 1902 nuntiaret,
1273 1835 1357 1906 cuius
1374 1837 1640 1910 petitionipraebens
1651 1859 1812 1915 assensum,

987 1920 1043 1991 ipsi
1059 1922 1362 1995 postulataconcessit‚
1390 1927 1534 1999 predictis
1559 1929 1645 1985 etiam
1674 1932 1812 2005 delegatis

987 2026 1054 2066 suas
1070 2010 1176 2068 litteras
1193 2013 1347 2085 intimarit,
1364 2017 1437 2088 quad
1454 2015 1515 2089 ipse
1530 2019 1639 2076 nemini
1656 2021 1745 2079 soluit
1768 2023 1812 2080 14-

987 2114 1050 2156 cere
1065 2102 1282 2174 praejudlcium3
1299 2104 1454 2162 cousulens
1470 2105 1537 2176 illis,
1555 2115 1582 2164 ut
1599 2109 1714 2168 indicta
1727 2127 1812 2171 causa

986 2192 1175 2260 procederent
1189 2195 1348 2250 secundum
1362 2196 1512 2266 apostolici
1528 2199 1656 2255 mandati
1672 2206 1811 2259 tenorem.

987 2277 1156 2350 Nasialtur,
1172 2284 1352 2340 attendentes
1367 2286 1441 2357 quod
1465 2285 1542 2342 iraus
1570 2296 1597 2344 at
1626 2289 1710 2346 dolus
1738 2291 1813 2350 nulli

986 2368 1070 2425 (lebet
1086 2371 1273 2440 patrocinium
1290 2373 1438 2444 impertiri,
1462 2377 1677 2435 concessionem
1701 2397 1813 2440 memo·

987 2466 1054 2514 ratae
1069 2459 1228 2530 prebende
1245 2460 1280 2517 ab
1296 2464 1395 2519 eodem
1409 2465 1623 2539 archiepiscopo
1636 2467 1751 2537 iactam,
1762 2470 1810 2528 lite

986 2548 1139 2619 pendente,
1155 2550 1263 2608 irritam
1278 2553 1460 2611 decernimus
1475 2561 1501 2612 et
1516 2556 1642 2614 inanem.

1022 2638 1124 2695 Datum
1140 2639 1245 2709 ltomae,
1262 2643 1336 2713 apud
1357 2644 1495 2700 Sanctum
1510 2646 1635 2717 Petrum,
1652 2665 1678 2705 tx
1702 2649 1808 2710 lielen-

985 2729 1036 2785 das
1051 2719 1225 2787 Decembris.

1340 2843 1447 2902 cuttu.

986 2929 1029 2986 W.
1045 2930 1119 3003 (417)
1135 2949 1229 2989 rnnrrr
1244 2949 1407 2991 uanasrunu
1423 2952 1666 3009 nosris-aaronis,
1691 2956 1809 3005 asusacx

1019 3037 1181 3090 ratramus,
1195 3040 1252 3079 narr
1267 3041 1459 3081 ramaarmus
1475 3043 1553 3092 aura
1573 3045 1697 3098 rasurus,
1722 3046 1807 3088 anau·

1019 3126 1110 3166 marsa
1127 3129 1212 3168 vrrarr
1232 3130 1373 3170 anaruasrs
1393 3133 1418 3171 nr
1438 3132 1612 3174 aaararaurr.

981 3202 1094 3272 Recepit
1108 3217 1153 3258 eos
1167 3202 1217 3258 aab
1228 3203 1405 3286 protectione,
1421 3212 1447 3260 et
1468 3213 1652 3287 enumeratur
1677 3208 1747 3266 bana
1769 3209 1805 3266 art

1267 3292 1338 3347 ipsos
1351 3282 1517 3348 spectantia.

1088 3363 1182 3434 (Apud
1198 3363 1227 3419 S.
1244 3367 1371 3433 Petrum,
1388 3383 1418 3422 nr
1432 3366 1494 3422 ital.
1512 3367 1697 3442 Decembris).

1016 3463 1084 3517 Cum
1101 3479 1153 3519 nas
1169 3463 1309 3520 universis
1324 3463 1472 3523 catholice
1486 3466 1618 3523 Ecclesia
1635 3467 1703 3524 liliis
1723 3468 1804 3526 debi·
1857 3469 1860 3473 ’

980 3552 1066 3621 tores,
1082 3568 1115 3608 cx
1132 3551 1263 3625 iniuncto
1279 3554 1391 3611 nobisa
1415 3557 1470 3612 Dea
1496 3557 1673 3628 apostolatus
1696 3557 1804 3631 afficio,

979 3640 1185 3710 existimemus,
1203 3642 1261 3700 illis
1277 3651 1371 3702 tamen
1388 3644 1457 3701 lacis
1476 3653 1558 3718 atque
1582 3648 1710 3717 personis
1735 3665 1802 3720 pro·

978 3730 1105 3801 pensiori
1121 3747 1173 3788 nos
1187 3733 1322 3790 convenit
1344 3733 1494 3791 charitatis
1518 3735 1611 3793 studio
1636 3738 1800 3811 imminere,

979 3835 1041 3891 quas
1055 3822 1090 3877 ed
1106 3822 1204 3879 eedem
1220 3822 1803 3899 apostolicamnoscunturspeciuliusper·

977 3909 1079 3967 tinere.
1096 3911 1261 3983 Eapropter,
1280 3911 1378 3969 dilecti
1402 3913 1432 3970 in
1455 3913 1578 3970 Domina
1601 3914 1664 3985 lrlii,
1687 3918 1799 3987 vestris,

976 4005 1030 4056 etc.
1048 4016 1134 4073 usqae
1149 4017 1158 4056 :
1174 4001 1329 4058 clementer
1343 4000 1509 4071 annuimus,
1525 4011 1551 4059 at
1563 4005 1802 4074 predecessorum

976 4097 1139 4146 nostrorum
1158 4090 1249 4148 iellcis
1275 4092 1430 4157 memorie,
1456 4092 1572 4162 Urbani,
1598 4093 1802 4165 nasoniano-

976 4177 1053 4245 luali,
1068 4179 1176 4250 Collati,
1201 4181 1320 4252 Eugenil
1345 4188 1372 4238 et
1398 4181 1488 4250 Lucil,
1511 4182 1705 4240 Romanorum
1728 4201 1801 4256 pon·

975 4269 1095 4340 tificum,
1111 4270 1236 4340 vestigiis
1252 4271 1434 4340 inhaerentes,
1460 4272 1626 4343 pradictum
1652 4283 1800 4332 monaste·

974 4359 1093 4426 riurn,iu
1109 4375 1164 4431 quo
1179 4360 1287 4427 divino,
1302 4368 1367 4429 eta,
1383 4376 1469 4432 usqae
1484 4363 1698 4419 communimus
1712 4380 1718 4432 ;
1734 4367 1798 4420 sta·
1867 4352 1871 4359 ’

974 4457 1094 4515 tuentes,
1124 4457 1153 4504 ut
1179 4466 1361 4521 quascunque
1387 4449 1592 4523 possessiones,
1620 4467 1796 4524 quecunque

91 4541 303 4614 archiepiscopi
328 4541 414 4614 (446),
439 4540 636 4612 perspeximus
659 4537 811 4607 contineri,
841 4539 916 4610 quad
933 4531 959 4595 D
975 4538 1059 4607 bonu,
1077 4546 1143 4612 etc,
1158 4539 1442 4611 usqrteexprimenda
1468 4539 1623 4617 vocabulis,
1653 4541 1684 4597 ln
1708 4542 1796 4598 cami·

89 4630 214 4687 dilectus
226 4629 314 4700 lilius,
331 4631 392 4689 ld...
409 4629 565 4695 Bruxuard,
589 4629 625 4684 ad
650 4628 831 4700 presentiam
854 4628 916 4699 ejus

89 4720 245 4790 accedens,
260 4720 295 4776 ab
310 4736 343 4777 aa
359 4720 505 4777 bumiliter
519 4716 682 4790 postularit,
708 4721 740 4772 ut
763 4717 915 4788 quamdam

88 4809 288 4880 praebendam,
305 4826 368 4881 quse
383 4809 414 4867 ln
429 4807 594 4865 Narariensi
611 4805 729 4863 ecclesia
743 4807 777 4862 de
788 4806 854 4878 jure
868 4824 914 4862 rn-

88 4899 187 4967 cabat,
202 4901 278 4957 etad
295 4901 400 4975 ipsum,
422 4916 457 4957 ex
485 4906 588 4956 statuto
616 4898 815 4956 Lateranensis
842 4913 915 4955 can·

87 4988 163 5060 ciiii,
177 4989 241 5061 eius
254 4997 315 5047 erat
328 4989 444 5047 donatio
457 4987 596 5059 devoluta,
618 4987 673 5059 ipsi
700 4989 830 5045 canierra
857 4987 914 5044 mi·

136 5131 201 5201 444)
217 5133 340 5190 laudata
354 5149 371 5190 a
384 5133 542 5203 Raynrldo,
557 5131 591 5187 ad
605 5147 713 5187 aunum
731 5130 809 5197 1204,
830 5133 845 5200 5
866 5131 911 5189 81.

135 5205 196 5274 lli)
215 5207 325 5274 Petrus,
335 5221 369 5262 ex
377 5205 549 5262 cathedralis
559 5204 697 5260 canonico
708 5204 911 5261 novariensem

84 5280 204 5333 emersit
220 5278 255 5333 ad
273 5280 370 5334 sedem
386 5292 483 5335 versus
498 5291 606 5332 annum
630 5276 708 5331 1106.
735 5276 911 5341 Quatuorda·

83 5346 142 5403 cim
158 5364 250 5405 annos
264 5350 466 5409 Novaniensem
482 5347 635 5405 Ecclesiam
648 5347 861 5405 administrasse
871 5348 911 5403 dl·

83 5420 171 5486 citur,
188 5421 340 5479 defunctus
354 5437 440 5478 anno.
458 5422 527 5477 1010
543 5419 663 5476 Uauaar..
679 5419 740 5475 ital.
758 5435 814 5476 sac.
839 5426 909 5477 ianr.

82 5490 135 5556 IV,
149 5491 206 5550 ccl.
220 5492 284 5550 908.
300 5493 372 5551 Vide
384 5494 472 5552 etiam
489 5492 540 5550 lib.
557 5493 607 5560 ill,
623 5491 749 5563 episto.

119 5563 186 5635 (440
211 5564 332 5624 ibidem.

120 5634 186 5705 (447
211 5636 384 5696 0410414444
404 5636 455 5711 111,
483 5637 518 5695 de
546 5635 664 5704 Douilis,
693 5651 727 5693 ax
756 5634 850 5707 priore
878 5639 907 5692 8.

971 4632 1032 4685 tatu
1047 4629 1207 4686 Arelatensi
1235 4629 1439 4687 monasterium
1469 4630 1563 4701 ipsum
1591 4631 1690 4688 Sancti
1719 4633 1796 4690 Petri

971 4717 1218 4791 Montis-majoris,
1234 4735 1298 4776 cunr
1316 4719 1494 4791 pertinentiis
1509 4722 1569 4776 suis
1582 4738 1588 4787 ;
1599 4720 1794 4790 Castellctum,

970 4811 1129 4866 cumomni
1145 4809 1285 4865 territorio
1301 4825 1371 4878 suo,
1392 4808 1540 4865 ecclesiam
1569 4811 1668 4866 Sancti
1694 4811 1795 4867 isidori

968 4898 1044 4955 inira
1058 4914 1154 4955 muros
1167 4898 1288 4956 civitatis
1302 4899 1444 4956 arelaten.
1462 4899 1555 4968 sitam,
1572 4914 1636 4955 cum
1660 4901 1794 4971 parocbia

968 4987 1358 5060 etcaemeterl03eccleslam
1385 4989 1494 5046 Sancte
1523 4988 1616 5046 itane
1645 4989 1681 5045 de
1709 4990 1791 5062 Mari,

967 5133 1097 5204 Antonii,
1114 5132 1222 5191 electus
1236 5132 1473 5203 Montis-majans
1488 5131 1585 5197 abbas,
1603 5131 1656 5188 boa
1671 5132 1744 5205 ipsa,
1760 5132 1791 5190 ln

967 5221 1024 5277 quo
1039 5222 1118 5263 nunc
1135 5222 1289 5272 versamur,
1305 5221 1382 5262 unna
1398 5205 1477 5266 1204,
1493 5204 1523 5258 in
1539 5220 1637 5259 mense
1649 5205 1791 5276 Octobris,

966 5279 999 5333 ad
1017 5279 1114 5335 sedcm
1129 5279 1313 5348 apostolicam
1331 5293 1387 5333 una
1401 5292 1468 5334 cum
1482 5275 1564 5331 Petro
1581 5293 1645 5346 rege
1669 5279 1792 5350 Arrago·

965 5363 1046 5417 uum,
1070 5350 1227 5406 Arelatensi
1250 5349 1473 5420 archiepiscopo,
1497 5354 1524 5428 et
1549 5350 1698 5417 preposito
1722 5365 1788 5419 pro·

964 5421 1066 5487 iectus,
1092 5421 1340 5490 inaugurationem
1371 5429 1399 5477 et
1425 5419 1652 5476 benedictionem
1679 5421 1789 5490 accepit

964 5491 1030 5549 sine
1044 5494 1247 5551 controversia.
1264 5492 1379 5549 Praeluit
1394 5506 1483 5564 usque
1505 5491 1540 5546 ad
1566 5506 1675 5547 annum
1705 5491 1784 5548 1233.

965 5562 1035 5621 Gall.
1053 5564 1154 5624 Clerici.
1169 5572 1237 5622 tam.
1254 5565 1276 5634 l,
1291 5563 1346 5621 ool.
1361 5563 1425 5620 008.
