3780 6000
69 266 140 334 tati

566 264 826 329 enarraremus
845 256 945 321 autin
963 258 999 332 it,
1018 266 1159 322 canteri
1179 260 1258 321 leot.

1701 262 1775 322 1278

66 402 243 460 auctoritato
269 396 429 475 apostolica
451 399 662 457 confirmamus
688 400 717 451 et
742 391 895 467 prasentia
910 390 935 458 Α
952 390 981 447 in
993 389 1156 464 theologica
1171 390 1308 448 facultate
1325 391 1452 463 regendo
1466 394 1494 447 et
1509 390 1574 447 alils
1589 396 1617 447 et
1632 390 1688 448 sibi
1704 408 1771 465 prod

66 492 170 565 scripti
187 490 348 564 patrocinio
371 487 602 553 communimus,
628 488 790 542 statuentes
814 485 847 538 ut
870 480 894 538 sl

66 582 141 656 quid
156 585 258 639 contra
273 585 403 636 tenorem
419 578 514 650 ipsius
529 584 640 633 temere
660 574 749 630 luerit
771 576 895 629 attenta·-

66 676 144 742 tum,
161 673 260 726 careat
274 668 378 724 robore
394 665 551 723 firmitatis.
567 662 645 721 Nulli
660 678 764 736 ergo...
788 664 894 717 nostre

28 793 30 797 ν
67 758 305 818 confirmationis
327 761 355 813 et
380 754 609 826 constitutionis,
635 758 692 809 cta.
716 748 743 807 Si
760 750 894 823 quissus

67 852 213 921 temolo.

16 946 19 951 '
103 942 211 996 Datum
226 938 323 993 Roma
335 931 412 1010 apud
423 936 565 992 Sanctum
577 935 707 1002 Petrum,
722 942 740 987 v
755 926 824 987 idue
839 933 894 987 De-

61 1030 161 1085 cemb.
177 1044 254 1085 nono
269 1027 393 1083 decimo.

398 1139 566 1197 CLXXXIV.

339 1246 476 1288 cesarano
491 1246 618 1288 erasmo.

259 1320 445 1392 confirmatur
458 1319 557 1377 electio
571 1319 692 1392 episcopi
696 1361 702 1374 .

333 1411 433 1483 (Apud
448 1411 477 1466 S.
499 1408 641 1482 Petrum.)

106 1504 145 1558 ad
163 1506 291 1558 nostram
308 1500 495 1574 praesentiam
523 1499 693 1556 accedentes
717 1495 815 1552 dilecti
840 1493 893 1550 filii

65 1591 303 1664 archipresbyter
317 1595 345 1646 et
366 1630 373 1646 .
396 1628 403 1645 .
426 1631 432 1645 .
454 1589 588 1645 canonici
611 1582 726 1660 Signini
752 1603 788 1643 ex
812 1588 893 1658 parta

62 1688 162 1740 vostra
178 1681 264 1736 nobis
280 1679 431 1735 humiliter
454 1678 640 1752 applicarunt
663 1681 697 1733 ut
720 1672 890 1732 electionem

64 1773 102 1828 da
119 1772 141 1827 l.
167 1789 184 1827 a
208 1770 290 1826 vobis
314 1770 497 1826 concorditer
519 1768 695 1824 celebratam
721 1771 805 1822 aucto

62 1861 256 1933 dignaremur
269 1857 431 1931 apostolica
447 1857 630 1914 confirmare.
646 1855 705 1912 Nos
721 1853 811 1928 igitur
832 1852 889 1909 ele·

59 1952 188 2005 ctionem
204 1949 299 2019 ipsam
316 1948 478 2004 secundum
500 1945 634 2002 Ecolesiae
659 1945 795 2001 Romana
819 1959 888 1998 coa·

62 2040 252 2097 suetudinem
268 2039 430 2096 examinari
446 2037 617 2110 diligentius
633 2036 783 2105 iacientes,
810 2051 887 2092 com-

61 2130 196 2203 perimus
211 2129 289 2201 quod
306 2145 359 2185 uec
375 2127 473 2185 obitus
488 2128 571 2183 bona
587 2124 735 2183 memoriae
753 2166 759 2180 .
776 2167 783 2182 .
801 2166 808 2181 .
824 2118 886 2198 epi-

59 2221 143 2294 scopi
160 2221 250 2278 vestri
267 2220 352 2276 nobis
369 2221 464 2276 iuerat
478 2219 644 2285 intimatus,
670 2234 723 2274 nec
748 2235 764 2273 a
791 2213 886 2285 nobis,

60 2315 149 2382 prout
160 2311 222 2366 fieri
235 2309 475 2382 debuit,eligendi
485 2306 604 2365 licentia
614 2307 752 2380 expetita,
767 2310 795 2364 et
809 2296 885 2379 quod

950 482 1039 550 llalat,
1056 486 1083 539 et
1099 483 1183 540 nobie
1197 483 1349 540 humiliter
1362 482 1537 556 supplicarit
1557 484 1635 555 quod
1660 482 1770 540 ibidem

950 574 1151 629 commorandi
1168 586 1218 645 per
1236 577 1351 629 tantum
1375 573 1516 644 temporie
1540 571 1598 628 sibl
1622 571 1771 628 licentiam

950 662 1156 734 praeberemus,
1168 662 1233 734 ejus
1249 678 1349 735 preces
1363 678 1397 719 eo
1410 661 1552 719 libentius
1564 661 1704 718 duximus
1718 662 1771 718 ad·
1880 732 1882 737 Α

949 750 1109 808 mittendas
1125 767 1182 824 quo
1193 752 1370 824 specialibus
1379 761 1432 824 pro
1443 751 1544 808 eodem
1558 762 1773 823 penesnossua

950 841 1055 897 merila
1077 841 1272 910 intercedunt,
1302 856 1368 898 cum
1392 851 1427 899 ex
1447 841 1503 898 hoo
1525 842 1613 898 etiam
1642 841 1772 898 ecclesia

950 934 1051 987 vestra
1074 933 1231 989 commoda
1253 932 1370 989 valeant
1385 932 1539 1005 provenire
1554 933 1674 1003 majora.
1692 932 1771 996 Quo·

948 1020 1026 1076 ciras
1036 1020 1256 1079 universitatem
1273 1026 1400 1078 vestram
1417 1022 1577 1094 rogandam
1594 1020 1731 1077 duximus
1743 1028 1772 1077 et

948 1111 1192 1183 monendsmper
1206 1111 1366 1184 apostolica
1376 1111 1458 1167 vohis
1473 1111 1583 1182 scripta
1598 1110 1772 1166 mandantes

948 1199 1770 1272 quatenusobreverenttemapostolioasedisatooatram

948 1290 1061 1345 dictum
1077 1289 1206 1360 spatium
1223 1290 1259 1345 ob
1275 1287 1446 1361 hujusmodl
1462 1303 1581 1346 oausam
1596 1288 1633 1344 ad
1653 1305 1771 1345 moran·

948 1381 1019 1435 dum
1037 1379 1065 1435 in
1082 1378 1191 1435 scholis
1213 1379 1344 1436 Parisios
1364 1379 1391 1435 ei
1412 1377 1573 1435 liberaliter
1592 1379 1771 1450 concedatis,

947 1469 1045 1541 ipsum
1062 1469 1180 1525 interim
1194 1468 1404 1525 sacerdotalem
1421 1468 1549 1541 recipere
1562 1468 1696 1523 ordinem
1711 1482 1770 1525 non

946 1559 1270 1632 cogentes;mandstum
1286 1561 1421 1614 nostrum
1436 1557 1535 1613 taliter
1549 1556 1679 1612 audituri
1690 1559 1768 1629 quod

946 1652 1061 1721 gratnm
1078 1648 1227 1723 possimus
1242 1647 1349 1705 habere
1364 1648 1473 1720 pariter
1484 1652 1512 1703 et
1528 1651 1691 1718 acceptum.

809 1754 932 1831 ,patgss
982 1739 1087 1795 Datum
1100 1739 1196 1795 Roma
1210 1738 1287 1811 apud
1304 1742 1439 1794 sanatum
1455 1737 1582 1803 Petrum,
1598 1750 1620 1791 11
1635 1736 1704 1792 idus
1715 1736 1768 1792 la·

947 1827 1052 1899 nuarli,
1070 1836 1147 1885 anno
1162 1827 1286 1885 decimo.

1271 1936 1439 2000 CLXXXVI.

1067 2051 1252 2091 PA'l'RtARCllAE
1263 2049 1513 2089 Jaaosoounsmauo
1528 2049 1557 2087 A.
1573 2051 1597 2088 8.
1614 2051 1639 2089 b.

943 2125 1030 2199 Super
1042 2126 1201 2199 provisione
1213 2118 1455 2180 archidiaconatus
1463 2118 1627 2179 Auttccbeui
1634 2118 1766 2198 facienda

1222 2196 1334 2253 saonae
1346 2206 1481 2268 persona.

1080 2283 1174 2359 (Apud
1190 2284 1217 2341 S.
1233 2285 1362 2356 Petrum,
1379 2301 1395 2339 v
1411 2286 1453 2342 ld.
1469 2280 1625 2355 ianuarii.)

61 2400 152 2456 etiam
167 2399 264 2455 adhuc
275 2399 389 2458 vivente
404 2402 468 2472 ipso
483 2398 621 2470 episcopo
646 2388 789 2469 quosdam
814 2413 872 2468 praa
976 2401 1086 2458 Dilecto
1111 2399 1170 2456 filio
1194 2402 1294 2455 nostro
1322 2397 1435 2454 Joanne
1463 2390 1577 2452 Sancta
1607 2390 1706 2454 llariae
1732 2397 1761 2454 in

62 2486 236 2559 sumpsistis
251 2491 360 2542 temera
380 2484 533 2542 nominare
558 2482 609 2557 qui
634 2501 724 2557 snper
746 2482 886 2541 electione
941 2490 987 2546 via
1003 2492 1075 2546 Lata
1089 2490 1214 2546 diacono
1229 2486 1378 2543 cardinale
1393 2480 1510 2542 dilectis
1526 2484 1595 2541 filiis
1621 2485 1765 2559 magistro

61 2575 155 2631 lutari
179 2575 321 2631 antistitis
345 2571 549 2632 scrutarentur
574 2574 705 2630 omniurn
721 2574 886 2630 voluntates
940 2579 1046 2637 loanni
1062 2584 1092 2635 et
1106 2582 1133 2633 P.
1152 2576 1254 2632 nuntio
1270 2572 1446 2631 venerabilis
1471 2574 1570 2631 lratris
1595 2574 1687 2632 nostri
1713 2593 1764 2649 pa.

63 2669 163 2721 contro
179 2666 335 2721 canonicas
360 2664 537 2732 sanctiones,
562 2664 669 2737 spretis
695 2661 886 2719 nibilominus
941 2668 1076 2725 triorche
1090 2666 1264 2723 Antiochoni
1281 2665 1412 2721 auditore
1428 2680 1579 2732 concesso,
1595 2658 1674 2721 idem
1699 2682 1761 2722 ma·

60 2754 238 2828 quibusdam
255 2754 403 2811 canonicis
416 2754 520 2810 vestris
536 2752 614 2826 apud
631 2753 730 2809 sedem
746 2750 886 2823 apostoli·
940 2758 1031 2833 gistcr
1047 2757 1198 2830 proposuit
1212 2771 1310 2811 coram
1326 2771 1359 2810 eo
1376 2750 1452 2826 quod
1469 2769 1536 2808 oum
1552 2752 1621 2809 alim
1638 2754 1762 2812 dilectus

60 2861 124 2900 cam
140 2843 447 2916 constitutislnsupcr
462 2859 498 2899 no
514 2842 645 2915 ipsorum
663 2838 771 2913 aliquis
788 2836 887 2913 posset
940 2838 1019 2904 iilius
1030 2850 1131 2903 noster
1144 2844 1248 2901 Petrus
1263 2844 1342 2900 tituli
1358 2842 1452 2899 Sancti
1468 2833 1594 2898 Marcelli
1609 2840 1764 2917 presbyter

60 2933 89 2989 in
106 2934 207 2989 eadem
224 2932 347 2989 ecelesia
369 2932 543 3006 promoveri,
570 2931 656 2987 dictis
681 2929 886 2988 examinatori·
940 2932 1099 2993 cardinalis
1110 2938 1144 2990 Δ.
1158 2935 1185 2991 S.
1204 2930 1232 2990 L.
1247 2933 1283 2989 ad
1297 2932 1493 3005 partesSyria
1509 2932 1696 3005 pervenisset,
1713 2933 1760 2988 in.

59 3023 237 3094 bue‚quibas
253 3026 425 3095 potestatam
442 3021 570 3093 eligendi
586 3021 757 3094 episcopum
780 3024 884 3076 cantu·
940 3026 1076 3098 telligens
1099 3023 1370 3080 archidiaconatum
1400 3010 1478 3078 altra
1505 3037 1555 3078 sex
1585 3034 1702 3080 menses
1729 3022 1762 3080 in

58 3110 255 3180 listis,oallide
267 3112 321 3167 luit
332 3112 504 3167 mandatum
518 3110 628 3167 avobis
644 3110 721 3182 quod
739 3126 829 3165 unum
846 3108 882 3165 ds
897 3134 918 3205 C
941 3115 1119 3173 antiochena
1134 3108 1263 3169 Ecclesia
1278 3111 1436 3183 vacavisse,
1448 3129 1481 3167 ac
1496 3129 1547 3184 per
1559 3102 1613 3168 hoa
1629 3112 1761 3170 donatio.

56 3202 93 3258 iis
105 3201 155 3274 qui
167 3205 238 3257 trine
250 3204 334 3257 erant
350 3205 508 3272 praesentes
523 3201 560 3256 ad
575 3197 704 3255 ecclesiae
719 3202 821 3256 vestra
837 3216 881 3256 re·
939 3221 1004 3260 nem
1021 3204 1027 3258 i
1033 3204 1115 3277 psius
1130 3198 1166 3258 ad
1182 3201 1345 3257 Romanam
1360 3198 1520 3256 Ecclesiam
1536 3199 1761 3270 devolutamar-

56 3290 155 3363 gimcn
168 3294 332 3346 evocarent.
345 3289 427 3345 Unde
438 3288 536 3345 habito
548 3306 614 3345 cum
624 3278 764 3344 iratribus
773 3287 882 3344 nostris

57 3380 195 3451 diligenti
224 3383 395 3446 tractatum,
426 3382 545 3450 propter
569 3376 698 3433 rationes
729 3374 883 3450 predictos

57 3467 230 3524 electionem
247 3468 342 3540 ipsam
355 3466 555 3538 judicavimus
570 3465 685 3522 irritam
701 3470 729 3521 et
752 3466 881 3523 inanem.

56 3556 166 3612 Verum
177 3556 244 3628 quia
256 3559 410 3628 paternum
427 3555 561 3611 allectum
577 3555 711 3626 quemad
727 3552 880 3611 ecclesiam

54 3651 185 3703 vestram
200 3645 356 3714 habemus,
372 3645 476 3700 cilensi
492 3643 579 3699 etiam
596 3642 741 3716 deponere
756 3650 814 3699 oon
830 3660 880 3699 va·

55 3732 164 3802 lemos,
177 3750 244 3789 cum
256 3739 284 3789 et
295 3749 419 3805 persona
431 3737 587 3788 censeatur
597 3733 712 3799 idonea,
725 3736 753 3788 et
764 3722 798 3789 ad
816 3749 880 3789 sam

55 3823 238 3880 unanimitas
247 3822 333 3879 vestri
346 3838 502 3878 censemus
514 3818 634 3893 aspiret,
644 3823 741 3894 ipsum
753 3827 773 3876 l.
788 3821 879 3892 vobis,

53 3930 113 3970 nan
138 3928 172 3968 ex
197 3912 338 3969 electione
367 3916 474 3980 vestra,
500 3912 550 3967 scd
579 3910 753 3967 auctoritate
782 3919 881 3967 nostra

54 4001 257 4059 concessimus
268 4001 298 4057 in
310 4009 469 4074 pastorem,
485 4001 660 4056 mandantes
675 3999 768 4056 eidem
785 4005 818 4056 ut
834 4018 880 4057 as-

53 4089 879 4158 sumatoccleeiaevestracuram,consecrationismunus

54 4196 106 4251 par
121 4196 173 4234 nos
189 4179 276 4235 dante
293 4176 417 4235 Domino
434 4182 615 4250 recepturus.

86 4268 193 4324 Datum
208 4268 306 4324 ltoma
321 4268 398 4340 apud
415 4268 554 4323 Sanctum
570 4269 699 4322 Petrum.

388 4383 547 4439 CLXXXV.

164 4486 383 4528 sacsreetscoro
398 4489 432 4528 ar
446 4489 580 4529 cleirano
596 4488 761 4529 senonensi.

54 4561 86 4617 Ut
101 4561 200 4616 sistant
213 4561 347 4616 decutiam
362 4578 475 4618 manere
488 4578 539 4632 pet·
553 4560 707 4618 triennium
730 4561 761 4617 ia
781 4561 875 4618 stadio

383 4634 548 4689 parisiensi.

191 4722 288 4793 (apud
306 4721 335 4777 S.
352 4724 481 4790 Petrum,
498 4738 518 4775 11
535 4721 564 4776 ld
581 4721 737 4794 ianuarii.)

87 4810 225 4876 Quamvis
242 4810 277 4865 de
294 4807 373 4865 incili
390 4825 443 4863 nos
459 4809 575 4865 flectere
591 4826 648 4865 non
664 4806 769 4867 debeat
792 4827 875 4867 acee-

49 4897 875 4972 pliapersonarumadaliquapratercommunedebitum

937 3294 1174 3352 chidiaconatum
1191 3291 1288 3362 ipsum
1304 3306 1370 3345 cum
1395 3289 1477 3346 omni
1493 3290 1561 3361 jura
1585 3307 1638 3346 suo
1663 3288 1758 3346 eidem

938 3383 1078 3456 magistro
1094 3378 1247 3454 legationis
1264 3378 1438 3435 auctoritate
1453 3379 1606 3447 concessit,
1623 3378 1759 3451 iactaque

936 3474 993 3530 sibi
1007 3470 1147 3529 canonica
1162 3462 1335 3526 investitura
1351 3470 1387 3525 de
1402 3468 1463 3539 illo,
1481 3468 1559 3525 dicto
1584 3468 1758 3543 patriarchae

937 3561 1086 3619 mandavit
1102 3564 1134 3616 ut
1149 3560 1247 3632 ipsum
1263 3558 1404 3631 reciperet
1419 3558 1448 3614 et
1462 3558 1588 3632 benigne
1609 3560 1757 3616 tractaret.

936 3650 989 3718 Qui
1005 3665 1036 3707 sa
1051 3664 1185 3706 asserens
1201 3644 1337 3704 eumdem
1354 3640 1625 3704 archidiaconatum
1640 3644 1758 3704 cuidam

936 3758 989 3797 suo
1005 3738 1183 3797 concessisse
1199 3737 1308 3811 nepoti,
1318 3738 1395 3807 quod
1412 3735 1489 3794 idem
1505 3738 1619 3811 legatus
1634 3739 1759 3795 manda·

934 3835 1014 3886 verat
1026 3846 1082 3885 non
1094 3818 1410 3901 implevit,quanquam
1423 3827 1509 3884 etiam
1521 3845 1611 3900 super
1622 3827 1678 3884 hoc
1694 3844 1757 3901 per·

935 3916 1076 3977 sonaliter
1087 3919 1206 3974 demum
1219 3915 1295 3990 apud
1306 3917 1486 3973 Antaradum
1498 3917 1658 3991 rogavisset
1673 3934 1759 3976 eum-

934 4002 1012 4065 dem.
1029 4009 1101 4064 Cum
1116 4012 1214 4064 autem
1229 4006 1323 4063 eidem
1340 4005 1433 4076 legato
1450 4018 1501 4079 per
1523 4010 1614 4064 testes
1638 4004 1760 4065 idoneos

934 4092 1336 4170 constitissetquoddonatio
1348 4086 1759 4169 suadonalionempraccsse-

934 4191 979 4244 rat
991 4174 1174 4261 patriarchae,
1191 4180 1371 4259 quodetiam
1386 4200 1478 4258 nepos
1493 4184 1558 4258 ejus
1573 4187 1700 4243 multum
1721 4186 1757 4242 ab

933 4278 1016 4332 atate
1031 4275 1160 4331 distabat
1175 4290 1240 4346 quae
1255 4289 1306 4346 pro
1325 4272 1461 4329 talibusa
1476 4290 1587 4330 canone
1600 4274 1756 4343 diffinitur,

933 4360 1039 4420 luctam
1051 4362 1093 4418 illi
1104 4380 1120 4418 s
1130 4360 1298 4433 patriarcha
1307 4358 1527 4417 concessionem
1536 4362 1648 4419 viribus
1658 4377 1757 4420 carere

933 4455 1103 4520 decernens,
1120 4450 1197 4524 quod
1214 4448 1277 4522 ipse
1291 4445 1327 4504 de
1341 4448 1459 4520 prelato
1480 4451 1621 4524 magistro
1649 4452 1756 4509 lecerat

929 4534 1755 4611 sententiabiiitercondrmavit,eteprioroBallimontieac

931 4624 1349 4705 magistrolliionesihiudhoo
1360 4628 1581 4687 exsecutoribus
1593 4624 1753 4704 deputatls,

929 4720 1049 4778 stallum
1061 4719 1090 4775 in
1102 4719 1189 4775 choro
1201 4723 1229 4774 et
1238 4715 1336 4772 lorum
1348 4717 1378 4772 in
1387 4717 1516 4790 capitulo
1528 4717 1672 4793 assignari
1680 4736 1753 4794 praa·

930 4810 1116 4885 aepiteidem‚
1128 4807 1325 4881 ipsumquein
1341 4804 1457 4880 plenam
1472 4810 1688 4880 possessionem
1700 4810 1753 4868 do·

930 4898 1221 4968 morum,caea1ium,
1232 4903 1375 4953 terrarum
1387 4902 1417 4953 et
1427 4895 1552 4954 aliorum
1565 4895 1599 4954 ad
1610 4898 1756 4956 archidia-

49 4990 246 5055 concodanda‚
264 4988 287 5044 si
305 4993 403 5043 tamen
421 4986 560 5043 meritum
576 4978 702 5056 alicujus
716 4974 746 5040 id
768 4985 874 5059 exigat,
928 4986 1754 5062 conatumpertinentiumintroduci.Sciensinsupermul-

47 5084 130 5134 tacito
146 5077 261 5133 facilius
286 5078 312 5133 ei
338 5074 526 5132 liberalitatis
555 5072 722 5147 apostolicae
749 5074 874 5147 gratiam
928 5082 973 5134 tas
983 5074 1156 5151 praebendas
1167 5078 1195 5132 et
1210 5076 1369 5150 dignitates
1383 5076 1472 5133 simili
1484 5074 1571 5133 modo
1584 5077 1613 5131 in
1629 5074 1754 5134 ecclesia

45 5167 209 5239 elargimur
225 5172 334 5237 quanto
351 5165 386 5221 de
403 5165 498 5237 ipsius
514 5162 737 5219 conversatione
752 5162 874 5219 honesta
928 5163 1752 5236 memoratavacasse‚donationisunreservaviteasdem;

44 5263 74 5313 et
99 5255 225 5312 scientia
253 5255 418 5311 litterarum
442 5251 673 5310 evidentioribus
689 5252 873 5322 'conjecturis
927 5254 1067 5330 equibus
1083 5271 1172 5312 unam
1189 5254 1323 5327 llogerio,
1339 5252 1427 5309 aliam
1451 5270 1517 5310 vero
1541 5252 1751 5313 Bartholomao

42 5346 190 5401 allicimur
207 5345 356 5400 certiores.
381 5344 454 5399 ilinc
479 5348 525 5398 est
549 5341 626 5415 quod
652 5357 720 5397 curn
745 5339 872 5399 dilectus
927 5334 1221 5417 clericisaesignavlt,
1238 5344 1327 5400 eoeio
1340 5341 1478 5415 praedicta
1493 5338 1617 5399 ecclesia
1631 5344 1753 5402 canoal-

42 5435 124 5493 filius
148 5440 177 5489 S.
203 5434 333 5490 decanus
363 5437 469 5502 vester,
495 5431 661 5488 litteratura
684 5434 713 5486 et
737 5430 871 5489 moribus
925 5429 1752 5502 cosstatuendo.(iumautemproptervariascontuma·

43 5523 149 5579 merito
177 5521 444 5588 commendandus,
469 5520 609 5592 disponat
632 5537 684 5591 per
707 5513 867 5578 lriennium
923 5515 1753 5594 alasquaeldempatriarchacircapramiesaeommiseral,

40 5610 162 5669 Parisiis
176 5609 364 5678 commorari,
376 5600 409 5665 ul
424 5608 500 5665 inira
514 5609 591 5665 idem
608 5598 738 5681 spatium
750 5600 867 5669 soboles
882 5628 885 5633 ’
921 5604 1066 5686 quasdam
1082 5609 1246 5669 sententies
1263 5608 1437 5682 protulisset
1451 5607 1481 5666 in
1497 5609 1608 5685 ipsum,
1632 5612 1752 5670 tandem
