3780 6000
46 228 51 237 .
86 183 138 240 ’104
549 184 760 241 reuocatam
777 183 817 237 111
835 180 890 236 PP.
909 181 1155 242 massmanni
1172 186 1240 242 LIB.
1260 189 1335 242 vui.
1745 184 1799 242 792

89 312 125 368 de
149 314 202 367 tua
215 311 365 367 senectute
388 307 517 379 dillldas,
542 326 630 380 quam
656 313 762 365 natura
786 308 917 376 cedente,
931 309 957 376 Α
971 307 1084 377 iustum
1111 310 1209 368 tuit...
1228 311 1378 378 iacientes,
1395 316 1450 367 etc.
1476 313 1558 380 Quod
1574 313 1599 369 si
1615 328 1676 369 non
1697 329 1798 370 omnes

87 397 230 456 miraculo
254 402 357 471 petens
371 402 418 455 est
431 397 479 453 ille
495 397 525 453 in
540 399 728 468 generatione
752 396 913 453 multorum
1030 399 1088 455 duo
1103 405 1244 468 vestrum,
1261 405 1316 458 etc.

89 488 247 547 lecundam
271 490 403 558 reddere,
420 488 470 560 qui
486 504 520 544 ex
536 493 618 544 utero
639 488 799 545 senectutis
814 493 843 544 et
857 494 915 544 ste·
1005 485 1124 559 Datum,
1140 494 1209 559 etc,
1225 506 1253 544 iv
1267 490 1342 557 Non,
1360 489 1522 547 Februarii.

90 577 223 649 rilitatis,
236 577 347 650 prolem
365 577 571 650 dignatusest,
585 594 672 651 quam
681 579 823 649 juventus
834 593 918 648 nega·
1289 597 1370 655 cmg
1390 597 1476 670 (344),

89 671 181 735 verat,
205 667 360 722 suscitare.
387 669 457 722 Cum
472 667 552 722 enim
577 667 718 723 hactenus
733 667 762 722 in
787 665 917 722 Ecclesia
969 701 993 739 J,
1021 701 1134 742 „m
1157 702 1257 741 mm
1278 704 1305 742 ,N
1327 704 1375 741 m
1399 703 1469 741 Lm
1493 702 1615 743 mom
1639 704 1788 745 mmm

94 755 149 812 tibi
160 756 318 812 commissa
325 752 679 825 salubriterministraris,
691 755 727 821 si,
739 751 914 827 quodabsitl
1129 790 1309 831 ,Pomm
1329 791 1408 829 ΒΜ
1425 790 1530 830 ,mm
1550 775 1635 847 (847),
1790 731 1797 753 ’

97 844 220 913 elius,te
239 844 371 911 cedente,
384 844 483 899 minus
499 843 763 912 utilisassumatur,
774 844 809 898 ad
820 843 915 915 ipsam
970 862 1070 934 pem
1096 862 1202 934 „uh-3
1229 863 1263 918 “p
1287 862 1441 934 inserendi,
1465 864 1574 919 ,gom
1597 862 1800 920 gamm

96 933 227 1007 prolecto
242 949 299 988 non
314 948 418 1004 parum
435 931 465 987 in
481 932 546 1004 ipsa
566 932 672 1002 quiete,
690 949 778 1005 quam
792 934 916 1004 appetis,
1130 934 1249 1007 altisque
1273 934 1386 1003 trifariis
1401 950 1527 990 revocare
1549 935 1637 1000 iubet.

93 1021 266 1090 turbareris,
277 1037 355 1089 cum,
365 1020 414 1076 ubi
424 1020 497 1077 bene
507 1026 590 1077 tuum
599 1038 770 1078 exercueras
782 1021 917 1076 044444040-
1251 1023 1323 1095 (Kal.
1347 1023 1517 1092 Februarii.)

92 1111 181 1178 rium,
196 1127 253 1165 non
269 1109 381 1181 absque
397 1108 497 1165 doloro
511 1125 645 1166 cerneres
665 1110 777 1166 inutilis
791 1111 917 1165 ministri
1007 1111 1078 1166 Cum
1096 1110 1271 1168 charissimo
1295 1112 1324 1167 in
1340 1111 1456 1168 Christo
1472 1111 1531 1167 filio
1555 1116 1670 1180 nostro,
1685 1113 1799 1182 loanni,

92 1200 248 1267 delectum,
265 1199 405 1269 fieretque
422 1203 453 1254 nt
468 1203 582 1254 tantum
595 1198 624 1253 in
636 1216 700 1255 arce
710 1198 918 1270 speculationis
972 1198 1033 1271 rogi
1050 1199 1208 1271 anglorum
1226 1200 1345 1265 illustri,
1360 1199 1537 1270 apostolicas
1548 1216 1651 1273 preces
1667 1201 1799 1258 misisse·

92 1287 146 1345 tibi
162 1288 311 1360 deperisse
331 1303 533 1359 cognosceres,
560 1292 704 1360 quantum
719 1288 852 1345 Ecclesia
868 1306 918 1361 per
973 1288 1606 1362 mus,utergadilectumfllium,magistrum
1614 1289 1800 1346 ii.dccanum

93 1383 122 1435 te
137 1379 323 1434 subtractum
340 1392 405 1432 esse
419 1377 543 1434 videres.
969 1377 1220 1433 Saresberiensem
1245 1379 1331 1449 (848),
1346 1384 1374 1433 04
1389 1377 1473 1444 04400,
1499 1382 1562 1435 4040
1578 1378 1714 1444 clericos,
1738 1383 1800 1435 tum

129 1466 248 1536 Datum,
262 1464 397 1522 Kalendis
414 1465 574 1522 Februarii.
971 1464 1071 1532 laicos,
1088 1467 1136 1538 qui
1154 1469 1306 1523 occasione
1322 1468 1428 1538 negotii
1440 1468 1656 1524 Wintoniensis
1669 1468 1801 1526 Ecclesia

397 1580 503 1638 CCVIII
530 1582 615 1654 (842)Ι
973 1555 1639 1627 ipsiusoffensamincurrerant,seulementum
1652 1563 1683 1613 04
1694 1558 1803 1631 propri·

169 1688 267 1727 mom
296 1687 393 1726 ΒΑΜ
416 1687 543 1726 ,mom
565 1688 783 1728 mmmmm·
813 1689 920 1729 mom
934 1644 1046 1740 Btium
1064 1644 1223 1707 exhiberet.
1239 1649 1267 1701 et
1279 1646 1346 1703 illos
1362 1647 1449 1703 etiam
1468 1645 1617 1715 liberaret,
1633 1648 1802 1721 siquideti·

131 1775 305 1818 summm
333 1776 566 1824 mmmm,
596 1778 629 1816 ΕΤ
657 1777 802 1817 „Ammo
831 1778 855 1817 s·
885 1779 920 1817 Μ
975 1737 1115 1789 narentur
1138 1734 1167 1788 in
1183 1735 1308 1791 vinculis
1321 1735 1376 1791 bac
1391 1736 1427 1792 de
1451 1734 1804 1808 causa,illosquelibere

132 1865 272 1916 mun,
296 1863 442 1903 ,mmmm
470 1864 599 1904 mmm
627 1864 808 1905 comm,
836 1850 919 1921 (843).
976 1822 1071 1877 redire
1087 1822 1277 1894 permitteret,
1303 1824 1353 1896 qui
1377 1829 1495 1897 propter
1510 1824 1564 1880 hoc
1588 1823 1728 1881 exsilium
1754 1841 1804 1897 pe·

99 1939 221 1998 emam
247 1939 320 1992 inm
346 1936 513 1993 mamam
539 1936 572 1992 de
597 1937 717 2007 footel,
743 1947 769 1995 e,
798 1938 922 1996 aetram
976 1910 1101 1980 tiuntur,
1118 1912 1159 1966 eis
1176 1912 1315 1968 omnibus
1331 1913 1487 1979 restitutis,
1503 1914 1527 1970 si
1544 1929 1603 1985 qua
1617 1912 1678 1969 illis
1695 1913 1750 1970 bae
1770 1914 1805 1969 de

129 2009 225 2066 8444444·
247 2006 374 2078 Dionysii
395 2010 424 2064 in
449 2009 571 2065 4444444
587 2014 740 2065 verrentem
761 2010 829 2082 ²⁴9³ss
848 2027 923 2068 com.
976 2014 1066 2054 causa
1082 1999 1203 2054 l'orsitan
1219 2006 1291 2056 suni
1305 2000 1413 2069 ablata,
1430 2002 1507 2057 idem
1524 2018 1584 2068 rex,
1598 2002 1634 2057 de
1649 2018 1708 2073 qno
1719 2002 1805 2059 vabe-

130 2081 226 2138 40040.
977 2086 1108 2144 mentius
1122 2089 1317 2159 admiramur,
1333 2107 1434 2163 preces
1451 2089 1696 2161 apostolicasnon
1711 2092 1806 2147 admi·

346 2169 383 2239 (lv
398 2168 472 2223 Non·
498 2168 673 2241 4004044ΐὶ4)
977 2175 1025 2243 044,
1042 2177 1105 2247 sed,
1130 2176 1234 2233 litteris
1251 2181 1359 2234 nostris
1385 2179 1511 2250 receptis
1535 2179 1699 2251 respondit,
1726 2181 1805 2252 quod

129 2266 247 2325 Dilecto
263 2267 293 2323 in
310 2266 425 2323 Christo
450 2265 525 2332 illie,
542 2267 692 2324 abbatissa
714 2273 743 2324 et
757 2285 873 2326 sorores
888 2271 923 2325 de
977 2265 1077 2337 ipsum
1101 2266 1245 2321 decanum
1261 2272 1290 2322 et
1315 2267 1437 2324 clericos
1452 2267 1517 2338 ejus
1532 2285 1590 2323 non
1613 2268 1739 2325 laeserat.
1756 2270 1805 2325 tte·

100 2355 195 2413 4400401
212 2356 295 2428 (844),
312 2356 397 2412 004440
411 2356 538 2426 graviter
557 2362 626 2412 sunt
643 2362 818 2428 conquesta,
835 2358 922 2428 quod,
977 2352 1061 2409 laicis
1076 2359 1173 2409 autem
1191 2354 1264 2410 nibil
1289 2356 1325 2411 ad
1351 2372 1404 2411 nos
1422 2356 1584 2426 pertinebat
1608 2357 1741 2426 omnino,
1757 2358 1806 2413 sed

99 2460 168 2503 cum
184 2444 213 2499 in
230 2445 416 2517 possessione
432 2442 579 2517 prioratus
590 2446 807 2515 deargentolio,
819 2447 855 2502 de
866 2463 923 2512 cuo
978 2441 1003 2496 si
1016 2441 1067 2498 ille
1093 2442 1143 2514 qui
1159 2442 1312 2498 exsulabat
1327 2463 1344 2499 a
1368 2460 1468 2516 regno,
1494 2442 1590 2515 ipsius
1607 2445 1695 2500 curiae
1720 2443 1808 2501 vellet

97 2532 176 2590 inter
203 2550 253 2589 aas
278 2539 306 2589 et
330 2532 466 2588 abbatem
492 2532 563 2603 (845)
587 2550 619 2588 00
645 2534 804 2591 monachos
827 2535 925 2591 Sancti
978 2530 1079 2586 subire
1090 2530 1251 2601 judicium,
1267 2533 1323 2588 sibi
1338 2532 1479 2604 placebat.
1489 2532 1807 2591 Noseutemeumdem

99 2622 239 2694 Dionysii,
265 2620 440 2677 parisiensis
455 2621 625 2688 dioeceseos,
646 2623 782 2694 agitatur,
799 2624 924 2680 inducta
979 2636 1031 2692 per
1046 2618 1158 2675 litteras
1173 2626 1291 2676 nostras
1306 2625 1486 2679 monendum
1502 2623 1639 2679 duximus
1649 2627 1680 2680 et
1690 2623 1808 2680 hortan-

99 2710 212 2768 luerint
227 2708 401 2767 auctoritate
416 2709 636 2767 commissionis
651 2718 757 2767 nostra
773 2729 863 2768 causa
884 2712 924 2769 rei
980 2709 1062 2775 dum,
1080 2714 1112 2764 ut
1126 2709 1220 2764 eidem
1238 2711 1346 2766 decano
1370 2713 1418 2782 qui
1439 2712 1523 2768 nobis
1538 2713 1575 2768 ob
1590 2729 1724 2769 suorum.
1741 2713 1807 2769 exi-

18 2858 28 2877 (
100 2799 260 2866 servande,
273 2797 411 2855 monachi
436 2814 485 2854 eas
501 2798 568 2855 inde
585 2816 636 2872 per
649 2799 815 2856 violentiam
832 2804 925 2872 eJece-
979 2796 1108 2870 gentiam
1132 2799 1302 2854 meritorum
1320 2799 1427 2855 charus
1442 2805 1487 2856 cst
1502 2801 1661 2857 admodum
1678 2806 1707 2858 et
1722 2818 1805 2858 ecca·

100 2895 181 2956 runt,
196 2894 225 2946 et
239 2887 378 2961 quoniam
393 2905 410 2943 a
426 2888 577 2943 monacbis
597 2889 779 2962 proptarhoc
793 2889 925 2962 legitima
979 2891 1058 2957 ptus,
1075 2902 1108 2941 ac
1123 2885 1196 2952 suis,
1213 2892 1241 2942 et
1257 2886 1340 2944 laicis
1356 2889 1456 2954 etiam,
1468 2889 1515 2958 qui
1529 2890 1683 2947 occasione
1699 2891 1807 2964 negotii

101 2978 198 3036 000440
212 2978 281 3034 data
295 2993 353 3033 non
367 2975 432 3048 luit,
448 2974 515 3031 licet
527 2994 579 3032 nos
590 2978 772 3034 decrevimus
783 2995 846 3034 eam
859 2996 924 3035 esse
981 2975 1114 3031 Ecclesia
1126 2977 1338 3034 Wintoniensis
1349 2979 1459 3051 regiam
1470 2979 1701 3050 indignationem
1712 2979 1807 3036 incur·

100 3065 310 3140 praestandam,
333 3081 432 3122 veram
449 3065 663 3136 possessionem
681 3067 829 3138 prioratus
844 3067 923 3123 illius
979 3069 1090 3129 rerant,
1105 3082 1189 3120 suam
1208 3067 1324 3136 penitus
1341 3070 1472 3124 remittat
1487 3067 1639 3134 otiensam,
1655 3073 1686 3126 et
1697 3068 1808 3126 miseri·

102 3155 160 3213 sibi
176 3154 298 3213 concedi
323 3154 471 3228 petebant,
488 3170 555 3210 cum
582 3155 726 3211 tractibus
744 3156 838 3213 medio
853 3162 925 3213 tem·
979 3170 1045 3210 cors
1059 3153 1120 3208 illis
1135 3154 1252 3222 existat,
1269 3160 1302 3211 ut
1316 3173 1459 3213 asummo
1471 3157 1580 3229 judice.
1595 3156 1646 3230 qui
1658 3157 1687 3213 in
1699 3158 1808 3214 irasua

104 3262 173 3319 pore
188 3247 246 3318 ism
261 3244 416 3318 perceptis.
434 3243 573 3315 Magister
589 3250 687 3301 autem
701 3245 840 3311 Thomas,
858 3263 923 3319 pro·
978 3258 1036 3296 non
1048 3240 1232 3297 obliviscitur
1244 3243 1388 3311 misereri,
1400 3244 1633 3301 misericordiam
1644 3262 1808 3320 consequa·

105 3338 225 3392 curator
248 3334 340 3407 partis
364 3333 506 3400 adversae,
529 3334 643 3390 dicebat
667 3335 764 3407 ipsum
789 3336 924 3391 abbatem
979 3335 1036 3386 tur.
1053 3329 1377 3398 Quocircaaisereoonv
1391 3339 1446 3388 tua
1461 3333 1809 3410 parapostoiicaecripts

104 3438 169 3481 eam
184 3422 350 3480 cautionem
366 3422 855 3497 superhoandicibusprestitisse,
867 3441 926 3497 qua
979 3421 1154 3474 mundamus
1169 3424 1326 3490 quatenus.
1344 3421 1368 3476 ui
1387 3439 1435 3477 rex
1451 3422 1525 3495 ipse,
1541 3424 1620 3495 quod
1637 3441 1695 3480 non
1711 3424 1807 3481 credi·

104 3512 232 3571 contenti
256 3513 385 3569 luerunt.
402 3512 494 3578 Unde,
520 3529 586 3567 cum
602 3529 659 3569 non
684 3513 771 3568 luerit
793 3520 926 3585 exparte
979 3522 1157 3573 1008488008
1181 3507 1254 3562 forie
1270 3508 1386 3564 04116444
1411 3510 1588 3582 faciendum,
1605 3516 1647 3580 tu,
1673 3511 1747 3585 quin
1773 3530 1807 3570 ex

104 3599 278 3658 monialium
294 3600 487 3674 appellatum,
502 3599 822 3672 postulahblinsiflnier
837 3618 925 3674 super
979 3595 1111 3666 injuncto
1123 3595 1207 3652 440048
1218 3596 1363 3653 incumbit
1373 3599 1469 3655 Officio
1481 3616 1517 3655 440
1527 3601 1660 3657 membra
1670 3602 1806 3659 Ecclettiae

101 3688 245 3761 petitione
269 3689 440 3761 hujusmodi
470 3687 649 3745 monialibus
677 3689 749 3761 ipsis
773 3690 923 3747 silentium
979 3683 1171 3740 inclementer
1197 3686 1316 3741 tractari
1341 3688 1486 3755 sinamus,
1515 3689 1808 3748 auctoritatenostrs

101 3793 225 3850 prorsus
249 3775 372 3849 imponi.
390 3779 463 3842 Quia
478 3778 567 3851 igitur
583 3779 667 3834 nobis
684 3795 741 3833 non
762 3783 876 3835 constat
890 3780 925 3836 da
979 3771 1129 3839 sullultus,
1150 3771 1262 3830 nullius
1287 3777 1518 3834 contradictione
1542 3778 1584 3834 vel
1608 3779 1806 3851 appellatione

101 3866 273 3939 promissis,
290 3867 466 3923 mandamus
478 3871 635 3939 quatenus,
652 3867 830 3938 partibus...
846 3869 924 3940 quod
978 3863 1124 3932 obstante,
1139 3861 1217 3918 circa
1232 3866 1401 3936 pradictum
1415 3867 1570 3935 decanum,
1586 3868 1805 3928 etarcbidisco·

139 4009 218 4135 (wir
236 4008 418 4065 conterenda
433 4010 551 4065 omnino
578 4009 639 4065 bac
658 4010 782 4082 epistola
806 4028 872 4067 curn
889 4011 925 4067 iis
979 4003 1149 4061 aecclesiam
1165 4003 1311 4071 prioratus
1338 4008 1372 4062 de
1387 4007 1564 4080 Argentolio,
1580 4009 1711 4078 arbitris,
1728 4011 1806 4067 Gau·

102 4095 199 4153 quaa
243 4081 412 4136 auctoribus
428 4098 506 4137 nova
532 4080 630 4137 Galliae
655 4083 827 4138 Christiana·
852 4085 925 4139 4040-
980 4077 1054 4132 frido
1069 4074 1278 4132 Silvanectensi
1295 4081 1571 4151 episcopo,adamo
1587 4082 1739 4139 Carolileoi
1756 4085 1807 4138 ab·

103 4156 232 4218 cuntur,
259 4152 382 4208 diversis
407 4153 435 4207 40
452 4152 524 4208 40040
540 4193 549 4222 ,
575 4154 734 4224 prasertim
756 4160 829 4210 tom.
850 4155 900 4210 Vll
916 4197 924 4222 ,
980 4149 1057 4210 bate.
1073 4151 1101 4227 444
1113 4147 1235 4228 liedulfo
1247 4150 1386 4206 Meldensi
1397 4153 1518 4215 decano,
1532 4170 1548 4206 a
1560 4160 1662 4208 sancta
1674 4155 1744 4210 sede
1756 4171 1806 4209 no·

101 4223 242 4290 instrum,
258 4223 313 4279 col.
328 4224 364 4279 83
377 4228 404 4278 et
421 4241 486 4296 sqq.
502 4224 641 4292 instrum,
659 4225 748 4279 40804
761 4226 821 4280 440.
980 4221 1098 4276 minatis
1124 4218 1208 4284 (t'rde
1230 4231 1326 4276 notam
1349 4225 1431 4278 initio
1455 4222 1538 4288 444400
1552 4223 1699 4297 epistola).
1728 4224 1807 4282 Obiit

138 4295 212 4366 (843)
225 4295 327 4350 Νο000
351 4296 506 4367 legendum
523 4296 623 4351 esseti
650 4297 761 4363 Eovnvo,
778 4313 874 4352 aaroni
895 4300 923 4350 S.
979 4307 1056 4347 anuo
1073 4289 1152 4353 4224,
1167 4290 1236 4347 Gall.
1255 4293 1355 4350 cartre.
1372 4300 1441 4348 torn.
1461 4294 1519 4359 Vll,
1535 4293 1590 4349 col.
1606 4297 1669 4350 384.

31 4392 36 4401 ·
102 4367 235 4423 Virronis
263 4373 457 4434 Piarsrnrrsrs3
484 4373 595 4432 840040,
626 4383 799 4424 succensores
827 4374 924 4425 80404-
941 4397 963 4461 D
1014 4360 1089 4433 (846)
1106 4360 1262 4428 3045401440
1288 4364 1363 4419 hanc
1381 4364 1676 4438 lfludfltRssynflldus,
1701 4368 1805 4424 udan·

102 4454 256 4504 4400040οι4
282 4455 318 4494 nr
338 4455 479 4494 404040το0
504 4439 537 4493 44.
555 4454 590 4493 os
612 4439 707 4494 Onsorv
730 4442 778 4509 (ot.
791 4439 924 4496 Rosssro
979 4451 1047 4489 num
1066 4432 1145 4513 4200,
1159 4436 1173 4502 ἓ
1186 4435 1229 4489 33·

101 4510 288 4579 0000004400)
301 4526 308 4576 ;
321 4526 459 4566 carovico
469 4510 653 4565 4400000004.
665 4511 732 4566 Vide
743 4512 924 4567 instrumeu·
1015 4501 1171 4584 (wivmi
1186 4522 1248 4576 quae
1264 4506 1404 4563 adnotata
1423 4513 1491 4562 sunl
1506 4509 1541 4564 ad
1567 4508 1720 4580 epistolam
1737 4509 1805 4566 libri

103 4584 166 4635 tum
180 4579 258 4652 quod
283 4582 411 4635 relerunt
427 4587 559 4637 auctores
575 4598 654 4636 novae
669 4580 769 4637 (404440
784 4583 924 4639 Christia-
979 4576 1097 4648 septimi
1123 4574 1184 4642 484,
1202 4582 1273 4643 not,
1299 4579 1406 4650 quibus
1421 4580 1505 4645 adde,
1522 4579 1546 4635 si
1563 4582 1618 4649 vis,
1640 4597 1675 4636 ea
1690 4597 1755 4652 quae
1771 4582 1805 4638 de

102 4665 157 4718 na,
173 4655 244 4706 tom.
262 4649 322 4720 Vll,
338 4651 394 4707 rol.
409 4653 471 4707 508.
979 4648 1035 4704 4040
1049 4653 1080 4701 Α.
1097 4643 1126 4698 S.
1144 4647 1173 4702 L.
1203 4649 1289 4704 babet
1311 4652 1463 4706 Matthaeus
1479 4650 1568 4718 Paris,
1595 4658 1664 4709 tom.
1689 4653 1711 4723 l,
1737 4669 1804 4726 pag.

137 4721 209 4791 (844)
235 4721 360 4777 4444404440
377 4727 407 4779 Β.
434 4722 539 4789 itariae,
554 4723 590 4777 de
613 4722 720 4785 Footcl,
745 4723 783 4778 04.
809 4723 845 4779 de
868 4724 925 4779 Ne-
978 4719 1042 4787 244,
1058 4718 1098 4774 lin
1117 4719 1191 4773 .33:

103 4807 193 4858 more,
215 4809 261 4848 serr
278 4794 313 4849 de
328 4794 614 4862 Boloodominarum,
631 4810 696 4865 quae
713 4794 854 4850 44040000
870 4812 925 4851 no·
1016 4814 1030 4840 «
1046 4792 1151 4845 Eodem
1168 4808 1245 4845 anno
1265 4792 1366 4863 (4206),
1380 4793 1509 4848 4000000
1525 4794 1707 4864 Ferentinus,
1729 4811 1803 4868 apo·

104 4879 170 4920 men
186 4864 332 4933 assumpit
346 4874 412 4935 post
426 4865 605 4939 acquisitum
630 4867 692 4936 ejus
708 4867 837 4921 nominis
853 4883 925 4937 prae-
981 4862 1089 4917 0404400
1105 4862 1185 4918 sedis
1200 4863 1325 4934 legatus,
1343 4865 1462 4920 veniens
1477 4866 1506 4919 40
1522 4865 1669 4936 Angliam,
1681 4882 1807 4938 eamque

103 4934 196 5004 dium,
213 4936 361 4992 abbatissa
381 4943 451 4992 tunc
481 4936 630 5003 temporis,
653 4935 849 5005 versimiliter,
865 4942 927 4993 erat
981 4933 1176 5006 perlustrans,
1190 4950 1324 5005 magnam
1339 4938 1466 5007 pecunia
1479 4953 1626 4992 summam
1638 4943 1805 5010 congessit;

102 5005 204 5063 Gdolin
223 5010 308 5076 l,seu
333 5008 463 5063 Fdeliua.
490 5008 727 5078 queinadesctt
752 5009 780 5063 in
804 5008 924 5076 chartis,
981 5011 1009 5061 et
1024 5010 1143 5064 tandem
1174 5009 1249 5078 apud
1274 5007 1436 5078 liadingurn
1465 5009 1492 5062 in
1517 5008 1644 5064 crastino
1668 5009 1697 5064 S.
1723 5008 1807 5066 Lucae

102 5077 139 5133 ab
155 5095 240 5145 anno,
258 5080 373 5145 saltem,
400 5081 479 5142 4207,
496 5081 639 5151 usquead
664 5097 787 5149 annum,
808 5080 924 5147 saltem,
980 5082 1166 5149 evangelistas
1181 5078 1336 5133 concilium
1352 5078 1518 5135 celebravit.
1533 5083 1595 5144 Quo
1612 5081 1697 5146 tacto,
1715 5083 1807 5136 sarci·

100 5148 181 5214 4248,
198 5153 233 5205 de
251 5150 297 5219 pia
310 5167 361 5220 pro
387 5152 537 5207 sororibus
551 5149 747 5207 sollicitudine
763 5152 924 5224 plurimum
981 5148 1071 5205 nullis
1088 5169 1153 5208 0004
1179 5166 1224 5204 ma
1249 5167 1283 5204 na
1299 5149 1412 5205 cautela
1426 5151 1579 5223 dispositis
1595 5157 1624 5208 et
1645 5154 1807 5223 prudenter

99 5218 230 5277 laudata.
249 5220 324 5278 Gall.
341 5221 440 5279 044444.
458 5231 528 5278 4004,
545 5223 605 5287 Vll,
623 5223 677 5278 col.
691 5224 754 5279 587.
980 5222 1203 5289 commendatis,
1227 5167 1351 5277 gratinus
1366 5222 1459 5278 viator
1472 5223 1508 5278 ad
1525 5239 1605 5280 mare
1621 5224 1805 5296 perveniens,

138 5291 209 5363 (848)
226 5291 368 5349 tierricus
385 5296 396 5350 4
413 5295 510 5356 Troos.
525 5312 560 5351 ex
576 5294 718 5350 monacho
741 5294 925 5368 San-Diony·
980 5296 1022 5348 An
1049 5293 1112 5348 tisvn
1130 5311 1146 5349 a
1161 5299 1241 5364 tergo
1256 5291 1403 5348 salutavit.
1419 5315 1434 5344 a

101 5360 240 5448 ⁸5⁸¹¹32fii
256 5364 350 5437 priore
366 5365 535 5438 argentolii,
552 5366 692 5450 reperiter
706 5367 836 5449 abbasS.
857 5365 925 5451 llio·
1026 5309 1086 5432 gl8)
1112 5365 1183 5421 Vide
1210 5363 1349 5436 epistolas
1376 5363 1441 5421 libri
1470 5365 1564 5423 0040νί
1592 5366 1654 5435 485,
1684 5370 1746 5424 not.
1776 5369 1806 5423 et

101 5434 924 5580 tigilli?eli?&baldetildiillle:
980 5435 995 5492 ¹
1035 5481 1039 5491 ·
