3788 6022
144 233 215 292 1599
622 233 832 293 innocencii
849 236 889 289 111
906 236 960 292 ΡΙ).
978 233 1231 292 BBGKSTOBUU
1247 234 1317 291 ΗΒ.
1335 237 1385 290 11·
1792 225 1862 283 16⁰0

145 356 968 415 tertiovecommouitoscanonicumexcommunicationis
982 358 1008 426 Α
1024 355 1268 412 commonitanisi
1277 351 1860 429 presumptionemsuamdignasatisla·

145 445 323 506 seutentiam
351 446 518 517 proferatis.
534 447 575 502 Ea
590 463 657 503 vero
674 462 738 518 qua
755 445 968 502 monasterium
1023 445 1120 501 ctione
1143 445 1311 511 correxerit,
1328 445 1483 518 potestatis
1497 443 1684 515 honorisque
1700 442 1752 498 sui
1765 441 1859 514 digni·

144 541 275 594 vestrum
288 536 511 608 aquadragiuta
522 541 599 592 retro
609 535 696 592 annis
708 537 785 591 bona
800 534 857 591 tide
871 534 970 591 nosci·
1022 539 1082 591 tate
1096 539 1203 601 careat,
1216 550 1356 607 reamque
1381 549 1412 591 se
1437 533 1536 590 divino
1547 532 1665 606 judicio
1682 532 1813 588 existere
1828 533 1859 587 de

143 631 194 684 tui
209 625 329 699 pacifice
345 624 513 696 possedisse
529 625 610 681 iobis
625 631 654 680 et
668 624 764 681 eidem
790 624 969 681 monasterio
1023 621 1857 697 perpetratainiquitatecognoscat,etsancratissimocor·

144 713 969 786 auctoritateapostolicaconllrmamus,ita'quidemquod
1023 728 1093 786 pora
1107 717 1137 768 et
1151 713 1297 786 sanguine
1311 713 1361 769 Dei
1377 719 1406 769 st
1415 711 1533 769 Domini
1544 710 1762 783 Redemptorie
1771 709 1855 766 nostri

144 821 234 877 super
245 801 380 859 bisnullo
392 818 522 875 unquam
539 809 671 876 tempore
685 802 822 875 impediri
837 802 969 859 debeatis
1021 801 1090 859 iesu
1106 802 1214 858 Christi
1230 801 1328 859 aliena
1342 803 1406 870 liat,
1417 818 1450 857 ac
1465 801 1496 858 in
1512 805 1643 858 extremo
1660 799 1804 856 examine
1817 799 1854 854 di·

143 893 187 951 vel
216 892 438 964 quomodolibet
461 892 624 948 molestari.
644 891 832 949 Deceruimus
851 907 921 964 eigo
937 896 970 947 ut
1023 891 1131 949 strictis
1147 890 1252 948 ultioni
1266 889 1557 963 subiacentcunctis
1569 895 1673 947 autem
1687 889 1788 945 eidem
1800 888 1854 945 loco

144 981 217 1040 ualli
233 982 354 1038 omnino
370 981 528 1037 hominum
545 982 633 1037 liceat
649 982 802 1055 prelatum
819 985 969 1038 monaste·
1023 981 1483 1053 suajuiaserisntibussitpax
1511 979 1630 1036 Domini
1662 979 1762 1036 nostri
1790 978 1852 1035 lesa

142 1071 220 1127 rium
236 1076 346 1126 temere
362 1071 606 1143 perturbaretur
620 1072 684 1143 ejus
700 1071 902 1144 possessiones
916 1088 967 1126 au·
1023 1070 1149 1140 curtata
1166 1075 1311 1142 quatenus
1322 1075 1351 1126 el
1362 1070 1409 1126 liic
1420 1072 1546 1126 linctum
1559 1069 1644 1124 bona
1656 1069 1854 1140 actionisper-

39 1232 43 1237 Ι
141 1160 226 1223 serie.
237 1159 283 1216 vel
294 1159 409 1216 ablatas
422 1161 557 1225 retinere,
572 1161 713 1226 minuere,
724 1177 776 1217 seu
785 1160 969 1233 quibuslibet
1023 1159 1144 1233 cipiunt,
1155 1165 1184 1215 et
1194 1161 1270 1232 apud
1287 1160 1454 1216 districtum
1466 1158 1601 1230 judicem
1611 1157 1853 1229 praemiaaterna

140 1248 499 1321 vexationibusiatigiire3
515 1251 566 1305 sed
584 1249 696 1307 illibata
708 1250 968 1323 omniaetintegra
1022 1248 1104 1321 pacis
1120 1248 1282 1305 inveniant.
1298 1250 1403 1304 Amen.

140 1341 352 1395 conserventur
375 1353 477 1392 eorum
494 1354 545 1409 pro
562 1354 689 1410 quorum
708 1338 921 1409 gubernatione
935 1355 967 1394 ec
1057 1337 1166 1393 ilatum
1182 1339 1259 1409 apud
1281 1343 1423 1394 Sanctam
1447 1338 1628 1394 Germanum
1658 1352 1715 1408 per
1739 1351 1854 1391 manain

141 1427 356 1484 sustentatione
365 1442 504 1483 concessa
520 1433 591 1483 sunt
602 1426 892 1484 usibosomnimodis
902 1445 967 1500 pro·
1021 1426 1144 1483 loannis
1166 1428 1280 1484 Sanctia
1296 1427 1393 1483 illaria
1409 1428 1437 1483 in
1453 1426 1607 1483 Cosmidin
1623 1424 1749 1481 diaconi
1764 1424 1856 1481 cardi-

141 1514 350 1585 lutura,salva
369 1516 447 1571 sedis
470 1515 639 1588 apostolica
664 1519 846 1573 auctoritate.
863 1515 969 1588 Siqua
1022 1515 1145 1571 nalisS.
1162 1516 1193 1571 ll.
1210 1515 1433 1581 licencellarii,
1463 1533 1514 1573 viii
1542 1513 1698 1571 Kalendas
1726 1514 1855 1587 Augusti,

140 1603 274 1675 igituiiu
292 1604 424 1659 loturum
452 1604 968 1676 ecclesiasticaeeusacularisper·
1022 1605 1183 1661 indictione
1198 1622 1238 1676 xi,
1253 1604 1644 1663 iucarnationisDominicae
1674 1621 1757 1659 anno
1783 1604 1855 1667 1208,

62 1704 65 1711 '
141 1692 296 1750 sonabsoc
307 1692 967 1767 nostracoostituticnispaginamseienecon-
1023 1694 1212 1765 pontificatus
1227 1711 1293 1752 vero
1307 1694 1420 1752 domini
1437 1694 1598 1752 iunocentii
1612 1711 1702 1768 papae
1717 1693 1769 1764 ΙΙΙ,
1785 1709 1854 1748 anno

32 3888 38 3897 ,
144 3841 237 3898 bitair.
253 3840 484 3898 satisfactionem
500 3842 688 3913 impendetet
696 3839 834 3911 deinceps
850 3840 971 3896 manda·

982 1744 1007 1810 B

141 1790 186 1842 tra
197 1798 262 1838 eam
275 1782 370 1838 ienirc
385 1787 495 1838 lemare
512 1782 678 1851 tentaverit,
695 1783 824 1840 secundo
847 1782 968 1839 tertiora
1024 1785 1191 1841 undecimo.

146 2070 315 2148 Sequentee
329 2088 389 2147 quo
413 2086 451 2128 iie
478 2071 632 2148 epistolas,
649 2067 788 2146 qiminuie
802 2067 883 2127 dots
897 2085 961 2126 non
986 2066 1048 2127 silit
1062 2086 1144 2128 anno
1172 2069 1345 2146 andecimo,
1362 2070 1461 2129 uisum
1474 2075 1520 2128 est
1532 2067 1628 2128 istbtc
1658 2068 1766 2139 edere,
1782 2073 1851 2146 quia

185 2155 340 2226 pertinent
355 2169 373 2208 a
412 2169 540 2210 causam
553 2149 593 2208 ele
607 2167 666 2227 qiia
680 2154 795 2225 spitui·
809 2153 845 2207 tn
858 2145 989 2224 epistola
1003 2148 1049 2207 56
1058 2153 1153 2208 istius
1168 2149 1255 2210 tetri.
1272 2148 1352 2210 Eam
1364 2167 1461 2227 porro
1474 2149 1513 2209 ob
1526 2167 1660 2209 ramam
1674 2149 1852 2209 addidimus

184 2236 277 2291 etiam
292 2231 441 2306 epistolas
456 2228 591 2290 Honorit
604 2228 638 2289 ΙΙ
651 2237 680 2290 et
696 2228 755 2298 ΙΙΙ,
771 2239 798 2287 et
815 2229 932 2287 litteras
948 2227 1080 2289 Romani
1104 2227 1275 2291 cardinalis
1289 2230 1328 2290 ele
1341 2235 1559 2309 compositione
1574 2230 1661 2289 sister
1674 2235 1852 2310 episcopam

183 2311 370 2371 Melitensem
384 2320 413 2370 et
427 2311 611 2369 abbatissam
625 2307 794 2369 lotrensem
806 2327 818 2382 ‚·
827 2318 899 2385 post
914 2327 993 2387 qaas
1005 2319 1175 2388 seqiiuatar
1188 2329 1316 2372 rursum
1327 2311 1450 2390 aliquot
1461 2309 1596 2392 epistola
1606 2310 1792 2371 Innocentii'
1798 2309 1853 2382 itt,

183 2399 210 2451 et
225 2389 402 2452 Alexandri
412 2388 473 2464 ΙΙΙ,
490 2388 528 2449 de
541 2390 646 2449 eodem
660 2397 855 2468 armamento.

542 2540 566 2596 l.
1020 2555 1110 2611 quam
1135 2540 1222 2597 debet
1246 2541 1425 2615 impendere,
1444 2540 1541 2598 clerici
1567 2539 1661 2597 etiam
1678 2545 1708 2598 et
1723 2540 1850 2598 homines

202 2645 363 2686 assisiensi
382 2645 517 2685 sriecoio
536 2645 570 2685 ar
587 2645 689 2685 assiri
708 2644 907 2686 trainiacensi.
1019 2627 1314 2704 ejusdcmvilla.ipsi
1328 2631 1408 2687 velut
1423 2630 1560 2704 episcopo
1573 2646 1630 2687 suo
1647 2634 1784 2688 renuunt
1794 2631 1851 2686 obe

1019 2716 1142 2774 diralle
1159 2719 1258 2793 igitur,
1269 2720 1294 2776 si
1310 2736 1412 2776 eorum
1427 2719 1629 2776 inobedientia
1647 2721 1851 2776 remaneatin·

1019 2813 1159 2874 correcta,
1168 2809 1211 2866 eis
1221 2809 1401 2866 incentivum
1419 2810 1513 2882 pariat
1524 2809 1849 2883 delinquendi,discre·

1019 2896 1091 2954 tioni
1101 2904 1202 2956 vestra
1217 2917 1269 2974 per
1283 2899 1444 2972 apostolica
1459 2900 1570 2972 scripta
1583 2902 1773 2958 mandamus
1789 2918 1849 2974 qaa-

301 2746 440 2802 Adversus
458 2746 626 2802 abbatissam
640 2747 803 2802 lotrensem.

178 2862 251 2934 (180)
266 2864 467 2934 conquerente
482 2860 640 2919 venerabili
657 2863 747 2918 tratre
771 2865 870 2918 noetio
894 2861 964 2917 Mel·

142 2949 225 3007 dmi
241 2950 376 3023 epi⁸⁶⁰⁹⁰
393 2950 555 3007 ¹¹⁰⁸tri⁸⁰⁸t
566 2951 687 3006 wibu'
703 2949 870 3007 mmmmm
887 2950 965 3023 ΨΜ
981 2966 1004 3034 0
1022 2992 1109 3043 tenus
1126 2989 1316 3057 abbatissam,
1328 2988 1451 3046 clericos
1465 2995 1494 3046 et
1509 2989 1598 3046 laicos
1615 2992 1848 3062 supradictos,ut

143 3043 228 3110 litigo
245 3039 395 3113 presbyter
407 3039 505 3096 Sancti
523 3038 595 3094 Petri
610 3039 764 3110 lotrensis,
779 3037 848 3094 licet
862 3055 879 3094 a
894 3054 967 3110 pre-

144 3129 297 3186 decessore
307 3147 361 3186 suo
374 3146 473 3186 curam
486 3130 649 3201 susceperit
660 3130 827 3185 animarum
840 3133 870 3184 et
884 3129 909 3184 ei
925 3132 967 3183 tc-

144 3222 248 3274 neatur
258 3235 347 3291 super
357 3219 411 3274 hoc
422 3218 745 3291 respondere,monilus
756 3218 792 3274 ab
803 3233 836 3274 co
847 3217 882 3272 ad
894 3232 969 3290 piae·

143 3307 270 3364 sentiam
294 3309 358 3379 ejus
381 3307 479 3364 venire
504 3308 727 3378 contempserit,
743 3312 772 3362 et
787 3306 887 3363 audito
903 3307 968 3378 ejus

145 3396 284 3453 mandato
305 3400 406 3453 statim
423 3395 568 3452 invocem
592 3394 799 3468 appellationis
823 3397 968 3467 prorupit,

143 3501 246 3557 quam,
261 3502 329 3542 cum
345 3485 384 3542 sit
395 3486 458 3556 jam
474 3502 570 3541 annus
585 3484 716 3555 elapsus,
732 3501 790 3540 non
805 3484 860 3539 tuit
872 3500 923 3555 per
937 3498 968 3539 se

142 3573 187 3630 vel
204 3574 360 3647 paralium
378 3578 563 3645 prosecutus.
580 3572 721 3639 Quocirca
736 3572 904 3629 discretioni
920 3587 969 3626 ve·

143 3668 211 3718 stiae
227 3679 279 3734 per
293 3662 455 3735 apostolica
483 3662 594 3734 scripta
620 3663 797 3718 mandamus
822 3667 969 3734 quatenus

145 3753 282 3808 eumdem
291 3753 494 3825 presbyterum
507 3757 538 3807 ut
548 3767 638 3822 super
648 3751 702 3807 boc
713 3750 769 3823 ipsi
780 3751 969 3824 episcopode·

1022 3094 1112 3148 super
1125 3077 1180 3135 hoc
1196 3083 1358 3135 memorato
1374 3079 1512 3152 episcopo
1527 3079 1660 3136 debitam
1675 3080 1849 3137 satistactie·

1023 3183 1089 3223 nem
1106 3167 1320 3239 impendentes,
1337 3167 1475 3239 deinceps
1490 3169 1586 3225 eidem
1611 3169 1695 3225 sicut
1721 3171 1847 3243 episeopo

1021 3272 1088 3323 suo,
1105 3261 1191 3329 prout
1204 3261 1352 3323 tenentur,
1368 3256 1566 3314 obedientiam
1581 3257 1750 3315 exhibeant
1763 3267 1792 3316 et
1806 3261 1848 3316 bo·

1023 3361 1135 3413 norem,
1166 3362 1217 3417 per
1244 3346 1458 3402 districtionem
1484 3344 1725 3404 ecclesiasticam
1743 3349 1848 3405 sublato

1022 3434 1229 3508 appellationis
1245 3434 1365 3507 diffugio
1377 3435 1849 3512 justitiamediantecogatis'tes·

1022 3530 1067 3580 tes
1083 3528 1193 3590 autem,
1209 3529 1265 3580 etc.

1058 3616 1173 3680 Datum,
1188 3617 1219 3669 sit
1233 3612 1263 3669 in
1279 3614 1350 3670 alia.

1408 3720 1457 3777 ΙΙΙ.

1022 3825 1149 3866 pitueris
1169 3825 1253 3865 sitite
1272 3825 1457 3866 immolabatis
1472 3827 1693 3869 suessionensis
1710 3833 1748 3872 tr
1762 3831 1849 3872 saucit

144 3930 184 3987 tis
199 3930 279 3987 illius
295 3931 425 3997 obediat,
442 3935 474 3987 ut
496 3936 625 3998 tenetur,
641 3948 862 4002 percensuram
877 3929 971 3988 eccle·
1057 3897 1708 4010 233¹gssfflffiffgozffifflo:3¹³st⁰⁸¹
1724 3904 1761 3943 Π
1774 3903 1849 3944 mm·

144 4019 295 4078 siasticttm
306 4019 620 4093 appellationeremota
634 4018 860 4092 cogatis.'l'estea
870 4024 969 4076 autem
1208 4057 1371 4131 (Anagnia,
1385 4076 1414 4115 n
1430 4059 1492 4114 Kal*
1508 4058 1668 4134 munii.)

1059 4164 1090 4220 ln
1103 4169 1204 4221 nostra
1215 4165 1370 4237 presentia
1381 4167 1562 4223 constitutus
1572 4168 1710 4228 dilectus
1726 4173 1852 4229 filiusve-

1024 4252 1854 4334 nerabilislrotrisnostrlbleldonsisepiscopiprocurator

985 4331 1008 4399 b
1023 4341 1283 4416 proposuilcoram
1297 4344 1382 4400 nobis
1394 4346 1471 4418 quod
1484 4345 1703 4407 cumi-strenae
1715 4357 1854 4409 monaste·

1023 4432 1100 4486 rium
1114 4449 1131 4487 a
1146 4448 1206 4487 sua
1231 4431 1414 4489 laudationis
1437 4439 1569 4506 tempore
1597 4436 1694 4495 suerit
1725 4441 1854 4500 Ecclesia

1022 4520 1164 4578 Meldensi
1179 4521 1358 4592 subiectum,
1370 4522 1411 4578 ita
1426 4523 1504 4595 quod
1520 4522 1689 4585 bleldensis
1704 4532 1855 4606 episcopas

1021 4614 1082 4665 lain
1100 4609 1129 4664 in
1145 4610 1348 4666 benedictione
1361 4615 1391 4667 et
1406 4612 1573 4669 obedientia
1587 4615 1758 4677 abbatissa
1774 4638 1853 4695 quam

1022 4699 1241 4757 consecratione
1265 4699 1403 4756 altarium
1426 4706 1454 4757 et
1477 4702 1690 4777 ecclesiarum,
1717 4712 1854 4770 velatione

1022 4786 1367 4860 virginum,clericorum
1382 4790 1854 4868 ordinatione,procurationibus,

1023 4876 1206 4950 poenitentiis
1220 4877 1409 4950 imponendis
1424 4895 1476 4952 pra
1491 4880 1659 4952 majoribus
1671 4887 1854 4959 criminibus,

533 5005 571 5059 m
1022 4981 1057 5022 ac
1071 4964 1138 5021 aliis
1154 4966 1182 5021 ln
1200 4966 1379 5023 monasterio
1392 4966 1458 5039 ipso
1475 4972 1503 5024 et
1512 4967 1584 5024 villa
1598 4970 1741 5034 lutrensi
1757 4982 1853 5052 episto

575 5044 582 5059 ⁸
1023 5053 1118 5129 palem
1144 5054 1383 5126 jurisdictionem
1399 5058 1586 5113 consueverit
1601 5076 1761 5136 exercete,
1775 5069 1852 5125 abba·

1023 5145 1097 5202 tissa
1112 5162 1176 5218 qua
1193 5146 1371 5203 monasterio
1388 5148 1475 5205 modo
1490 5154 1597 5221 preest
1607 5152 1747 5214 debitam
1761 5159 1787 5215 ei
1797 5159 1853 5215 obe·

178 5224 970 5302 Sicutveuerabilisiraternosterlleldensisepiscopus
1024 5233 1164 5291 dientiam
1181 5239 1210 5291 et
1222 5236 1415 5292 reverentiam
1431 5242 1460 5292 et
1474 5240 1710 5309 procurationes
1728 5264 1794 5321 quai
1808 5245 1853 5321 ipsi

142 5321 173 5376 in
189 5328 288 5375 nostra
302 5321 458 5392 prasentia
483 5317 662 5375 constitutus
676 5334 732 5374 siis
744 5319 829 5375 nobis
842 5338 970 5394 conque·
1023 5330 1052 5380 et
1063 5324 1332 5396 predecessoribus
1343 5324 1407 5397 ejus
1420 5325 1689 5389 lueruntexbibitie
1701 5336 1852 5411 denegant,

141 5405 972 5468 stionemonstravitabbatissatotrensisilliobedientiam
1024 5412 1340 5487 presbyterumctiam,
1354 5414 1852 5485 clericosetlaicossillstotiensis
1887 5470 1890 5479 .

144 4109 195 4181 qui
220 4109 364 4166 tionioati
380 4108 501 4178 tuerint,
517 4109 541 4164 ei
556 4125 589 4165 se
603 4107 709 4180 gratia,
724 4108 792 4163 odio
806 4109 849 4164 vel
866 4110 971 4166 timore

143 4197 354 4265 subtraxerint,
372 4215 423 4271 per
442 4197 657 4253 districtionem
674 4196 902 4253 ecelesiasticam
918 4216 969 4270 sp-

144 4286 301 4360 pellalione
318 4285 482 4359 postposita
497 4284 681 4358 compellatis
698 4284 813 4341 veritati
835 4287 969 4342 testimo·

143 4377 225 4433 nium
243 4376 413 4448 perhibere;
441 4374 530 4431 nullis
555 4373 662 4430 litteris
677 4373 793 4430 veritati
807 4379 837 4431 et
847 4375 970 4446 justitia

142 4465 347 4537 prejudicium
364 4464 551 4534 iacientibus,
564 4464 588 4520 si
600 4481 664 4535 quia
676 4463 891 4536 apparuerinta
901 4465 970 4520 sade

141 4553 304 4624 apostolica
328 4554 504 4625 impetrate.
521 4552 602 4616 Quod
619 4551 642 4607 si
661 4568 719 4607 noii
735 4552 823 4608 auibo
839 4552 875 4609 iis
888 4569 970 4609 exse·

140 4642 265 4713 quandia
280 4642 436 4712 potueritis
449 4642 603 4708 interesse,
619 4646 662 4710 tu,
679 4641 769 4697 irater
782 4640 970 4713 episcopam

141 4728 338 4785 nibilominus
353 4730 536 4802 exsequaris.

177 4818 285 4875 Datum
301 4816 446 4885 Laterani,
458 4835 476 4873 ii
487 4816 549 4874 Kal.
560 4817 652 4886 lunii,
670 4817 861 4890 pontillcatus
877 4819 971 4876 nostri

141 4924 220 4965 anno
235 4911 352 4979 quarto.

501 5126 614 5165 ΕΙΕΙΙΕΙ.

176 5559 253 5632 (¹80)
268 5558 341 5617 Vide
354 5558 431 5616 intra
444 5559 529 5632 epist.
545 5559 574 5631 8,
590 5559 626 5616 ed
641 5557 766 5616 electum
781 5558 913 5621 Catalau.
929 5567 958 5621 et
972 5563 1108 5623 abbatem
1124 5564 1227 5623 Trium
1241 5566 1388 5624 ienuam.
