<?xml version="1.0" encoding="UTF-8"?>
<!DOCTYPE html PUBLIC "-//W3C//DTD XHTML 1.0 Transitional//EN"
    "http://www.w3.org/TR/xhtml1/DTD/xhtml1-transitional.dtd">
<html xmlns="http://www.w3.org/1999/xhtml" xml:lang="en" lang="en">
 <head>
  <title>
</title>
<meta http-equiv="Content-Type" content="text/html;charset=utf-8" />
  <meta name='ocr-system' content='tesseract 3.04.00' />
  <meta name='ocr-capabilities' content='ocr_page ocr_carea ocr_par ocr_line ocrx_word'/>
</head>
<body>
  <div class='ocr_page' id='page_1' title='image "./patrologiaecurs41unkngoog_0667.png"; bbox 0 0 3780 6000; ppageno 0'>
   <div class='ocr_carea' id='block_1_1' title="bbox 155 233 1867 303">
    <p class='ocr_par' dir='ltr' id='par_1_1' title="bbox 155 233 1867 303">
     <span class='ocr_line' id='line_1_1' title="bbox 155 233 1867 303; baseline 0.002 -6"><span class='ocrx_word' id='word_1_1' title='bbox 155 233 225 298; x_wconf 78' lang='lat'>1323</span> <span class='ocrx_word' id='word_1_2' title='bbox 634 239 844 296; x_wconf 73' lang='lat' dir='ltr'><strong>innocuum</strong></span> <span class='ocrx_word' id='word_1_3' title='bbox 863 240 902 295; x_wconf 93' lang='lat' dir='ltr'><strong>lll</strong></span> <span class='ocrx_word' id='word_1_4' title='bbox 922 242 976 295; x_wconf 83' lang='lat' dir='ltr'><strong>PP.</strong></span> <span class='ocrx_word' id='word_1_5' title='bbox 996 241 1242 303; x_wconf 72' lang='lat' dir='ltr'><strong>REGESTORUM</strong></span> <span class='ocrx_word' id='word_1_6' title='bbox 1260 246 1327 300; x_wconf 81' lang='lat' dir='ltr'><strong>ule.</strong></span> <span class='ocrx_word' id='word_1_7' title='bbox 1348 242 1386 297; x_wconf 84' lang='grc' dir='ltr'><strong>Χ.</strong></span> <span class='ocrx_word' id='word_1_8' title='bbox 1812 244 1867 302; x_wconf 58' lang='lat' dir='ltr'><strong>liti</strong></span> 
     </span>
    </p>
   </div>
   <div class='ocr_carea' id='block_1_2' title="bbox 150 362 1867 2317">
    <p class='ocr_par' dir='ltr' id='par_1_2' title="bbox 150 362 1867 2317">
     <span class='ocr_line' id='line_1_2' title="bbox 151 362 1867 440; baseline 0.002 -18"><span class='ocrx_word' id='word_1_9' title='bbox 151 365 238 423; x_wconf 86' lang='lat' dir='ltr'><strong>ritate</strong></span> <span class='ocrx_word' id='word_1_10' title='bbox 253 362 503 421; x_wconf 84' lang='lat' dir='ltr'><strong>nostrasntiultus</strong></span> <span class='ocrx_word' id='word_1_11' title='bbox 513 362 591 434; x_wconf 90' lang='lat' dir='ltr'><strong>quod</strong></span> <span class='ocrx_word' id='word_1_12' title='bbox 606 362 694 418; x_wconf 90' lang='lat' dir='ltr'><strong>saluti</strong></span> <span class='ocrx_word' id='word_1_13' title='bbox 704 365 733 419; x_wconf 90' lang='lat' dir='ltr'><strong>et</strong></span> <span class='ocrx_word' id='word_1_14' title='bbox 744 363 866 434; x_wconf 77' lang='lat' dir='ltr'><strong>justitie</strong></span> <span class='ocrx_word' id='word_1_15' title='bbox 877 363 980 436; x_wconf 84' lang='lat' dir='ltr'><strong>singu·</strong></span> <span class='ocrx_word' id='word_1_16' title='bbox 993 374 1021 434; x_wconf 74' lang='grc' dir='ltr'><strong>Α</strong></span> <span class='ocrx_word' id='word_1_17' title='bbox 1072 366 1114 422; x_wconf 75' lang='lat' dir='ltr'><strong>td</strong></span> <span class='ocrx_word' id='word_1_18' title='bbox 1131 366 1203 437; x_wconf 81' lang='lat' dir='ltr'><strong>bec,</strong></span> <span class='ocrx_word' id='word_1_19' title='bbox 1219 368 1256 423; x_wconf 91' lang='lat' dir='ltr'><strong>ad</strong></span> <span class='ocrx_word' id='word_1_20' title='bbox 1271 366 1482 424; x_wconf 88' lang='lat' dir='ltr'><strong>discretionem</strong></span> <span class='ocrx_word' id='word_1_21' title='bbox 1499 365 1703 440; x_wconf 71' lang='lat' dir='ltr'><strong>paternitatis</strong></span> <span class='ocrx_word' id='word_1_22' title='bbox 1717 371 1819 425; x_wconf 74' lang='lat' dir='ltr'><strong>vestre</strong></span> <span class='ocrx_word' id='word_1_23' title='bbox 1831 371 1867 426; x_wconf 85' lang='lat' dir='ltr'><strong>de·</strong></span> 
     </span>
     <span class='ocr_line' id='line_1_3' title="bbox 152 452 1864 530; baseline 0.003 -20"><span class='ocrx_word' id='word_1_24' title='bbox 152 454 248 511; x_wconf 93' lang='lat' dir='ltr'><strong>lerum</strong></span> <span class='ocrx_word' id='word_1_25' title='bbox 265 471 298 510; x_wconf 87' lang='lat' dir='ltr'><strong>ac</strong></span> <span class='ocrx_word' id='word_1_26' title='bbox 311 453 401 510; x_wconf 88' lang='lat' dir='ltr'><strong>statui</strong></span> <span class='ocrx_word' id='word_1_27' title='bbox 418 457 501 509; x_wconf 78' lang='lat' dir='ltr'><strong>terro</strong></span> <span class='ocrx_word' id='word_1_28' title='bbox 517 456 625 508; x_wconf 83' lang='lat' dir='ltr'><strong>senates</strong></span> <span class='ocrx_word' id='word_1_29' title='bbox 641 452 756 509; x_wconf 88' lang='lat' dir='ltr'><strong>noveris</strong></span> <span class='ocrx_word' id='word_1_30' title='bbox 779 453 925 525; x_wconf 82' lang='lat' dir='ltr'><strong>expedire,</strong></span> <span class='ocrx_word' id='word_1_31' title='bbox 952 460 981 511; x_wconf 91' lang='lat' dir='ltr'><strong>et</strong></span> <span class='ocrx_word' id='word_1_32' title='bbox 1035 453 1110 512; x_wconf 85' lang='lat' dir='ltr'><strong>ferra</strong></span> <span class='ocrx_word' id='word_1_33' title='bbox 1124 457 1262 514; x_wconf 88' lang='lat' dir='ltr'><strong>volumus</strong></span> <span class='ocrx_word' id='word_1_34' title='bbox 1277 456 1431 530; x_wconf 73' lang='lat' dir='ltr'><strong>quodiam</strong></span> <span class='ocrx_word' id='word_1_35' title='bbox 1445 456 1524 512; x_wconf 91' lang='lat' dir='ltr'><strong>dicta</strong></span> <span class='ocrx_word' id='word_1_36' title='bbox 1552 455 1736 514; x_wconf 89' lang='lat' dir='ltr'><strong>Bremensis</strong></span> <span class='ocrx_word' id='word_1_37' title='bbox 1752 458 1864 516; x_wconf 82' lang='lat' dir='ltr'><strong>Ecclesir</strong></span> 
     </span>
     <span class='ocr_line' id='line_1_4' title="bbox 152 541 1863 619; baseline 0.004 -20"><span class='ocrx_word' id='word_1_38' title='bbox 152 544 243 601; x_wconf 86' lang='lat' dir='ltr'><strong>iacias</strong></span> <span class='ocrx_word' id='word_1_39' title='bbox 258 544 334 615; x_wconf 87' lang='lat' dir='ltr'><strong>quod</strong></span> <span class='ocrx_word' id='word_1_40' title='bbox 347 543 487 599; x_wconf 88' lang='lat' dir='ltr'><strong>statueris</strong></span> <span class='ocrx_word' id='word_1_41' title='bbox 502 558 724 614; x_wconf 87' lang='lat' dir='ltr'><strong>percensuram</strong></span> <span class='ocrx_word' id='word_1_42' title='bbox 750 541 980 600; x_wconf 76' lang='lat' dir='ltr'><strong>ecelesiasticam</strong></span> <span class='ocrx_word' id='word_1_43' title='bbox 1031 545 1163 615; x_wconf 80' lang='lat' dir='ltr'><strong>jamdins</strong></span> <span class='ocrx_word' id='word_1_44' title='bbox 1179 545 1282 603; x_wconf 89' lang='lat' dir='ltr'><strong>multis</strong></span> <span class='ocrx_word' id='word_1_45' title='bbox 1294 547 1442 619; x_wconf 89' lang='lat' dir='ltr'><strong>pressuris</strong></span> <span class='ocrx_word' id='word_1_46' title='bbox 1452 550 1481 602; x_wconf 89' lang='lat' dir='ltr'><strong>et</strong></span> <span class='ocrx_word' id='word_1_47' title='bbox 1508 546 1647 602; x_wconf 89' lang='lat' dir='ltr'><strong>miseriis</strong></span> <span class='ocrx_word' id='word_1_48' title='bbox 1665 546 1863 605; x_wconf 73' lang='lat' dir='ltr'>miserabiliter</span> 
     </span>
     <span class='ocr_line' id='line_1_5' title="bbox 152 631 1861 710; baseline 0.003 -20"><span class='ocrx_word' id='word_1_49' title='bbox 152 633 349 706; x_wconf 74' lang='lat' dir='ltr'><strong>appellatione</strong></span> <span class='ocrx_word' id='word_1_50' title='bbox 363 631 607 688; x_wconf 87' lang='lat' dir='ltr'><strong>remotallrmiter</strong></span> <span class='ocrx_word' id='word_1_51' title='bbox 619 632 979 699; x_wconf 89' lang='lat' dir='ltr'><strong>observari,oontradicto·</strong></span> <span class='ocrx_word' id='word_1_52' title='bbox 1033 634 1193 706; x_wconf 88' lang='lat' dir='ltr'><strong>subjacuit,</strong></span> <span class='ocrx_word' id='word_1_53' title='bbox 1210 641 1319 693; x_wconf 90' lang='lat' dir='ltr'><strong>etcum</strong></span> <span class='ocrx_word' id='word_1_54' title='bbox 1336 636 1402 709; x_wconf 90' lang='lat' dir='ltr'><strong>ipsa</strong></span> <span class='ocrx_word' id='word_1_55' title='bbox 1416 638 1602 710; x_wconf 90' lang='lat' dir='ltr'><strong>quandoque</strong></span> <span class='ocrx_word' id='word_1_56' title='bbox 1613 635 1732 692; x_wconf 86' lang='lat' dir='ltr'><strong>inisset</strong></span> <span class='ocrx_word' id='word_1_57' title='bbox 1759 654 1816 693; x_wconf 86' lang='lat' dir='ltr'><strong>nna</strong></span> <span class='ocrx_word' id='word_1_58' title='bbox 1835 640 1861 695; x_wconf 87' lang='lat' dir='ltr'><strong>de</strong></span> 
     </span>
     <span class='ocr_line' id='line_1_6' title="bbox 154 720 1860 799; baseline 0.003 -21"><span class='ocrx_word' id='word_1_59' title='bbox 154 738 202 778; x_wconf 90' lang='lat' dir='ltr'><strong>res</strong></span> <span class='ocrx_word' id='word_1_60' title='bbox 217 724 242 778; x_wconf 93' lang='lat' dir='ltr'><strong>si</strong></span> <span class='ocrx_word' id='word_1_61' title='bbox 258 723 308 794; x_wconf 91' lang='lat' dir='ltr'><strong>qni</strong></span> <span class='ocrx_word' id='word_1_62' title='bbox 324 722 444 789; x_wconf 90' lang='lat' dir='ltr'><strong>luerint,</strong></span> <span class='ocrx_word' id='word_1_63' title='bbox 460 721 504 776; x_wconf 89' lang='lat' dir='ltr'><strong>vel</strong></span> <span class='ocrx_word' id='word_1_64' title='bbox 520 720 643 776; x_wconf 76' lang='lat' dir='ltr'><strong>rebelles</strong></span> <span class='ocrx_word' id='word_1_65' title='bbox 657 735 708 792; x_wconf 91' lang='lat' dir='ltr'><strong>per</strong></span> <span class='ocrx_word' id='word_1_66' title='bbox 730 737 884 778; x_wconf 90' lang='lat' dir='ltr'><strong>censuram</strong></span> <span class='ocrx_word' id='word_1_67' title='bbox 900 738 979 779; x_wconf 85' lang='lat' dir='ltr'><strong>earn·</strong></span> <span class='ocrx_word' id='word_1_68' title='bbox 1033 723 1227 782; x_wconf 80' lang='lat' dir='ltr'><strong>nobilioribus</strong></span> <span class='ocrx_word' id='word_1_69' title='bbox 1238 725 1416 783; x_wconf 89' lang='lat' dir='ltr'><strong>Ecclesiisin</strong></span> <span class='ocrx_word' id='word_1_70' title='bbox 1427 726 1860 799; x_wconf 85' lang='lat' dir='ltr'><strong>imperioconstitutis,rnultis.</strong></span> 
     </span>
     <span class='ocr_line' id='line_1_7' title="bbox 154 810 1858 887; baseline 0.001 -17"><span class='ocrx_word' id='word_1_71' title='bbox 154 814 221 870; x_wconf 90' lang='lat' dir='ltr'><strong>dem</strong></span> <span class='ocrx_word' id='word_1_72' title='bbox 238 818 370 869; x_wconf 77' lang='lat' dir='ltr'><strong>cessante</strong></span> <span class='ocrx_word' id='word_1_73' title='bbox 384 810 582 884; x_wconf 82' lang='lat' dir='ltr'><strong>appellatione</strong></span> <span class='ocrx_word' id='word_1_74' title='bbox 596 827 799 884; x_wconf 86' lang='lat' dir='ltr'><strong>compescens.</strong></span> <span class='ocrx_word' id='word_1_75' title='bbox 1032 812 1068 869; x_wconf 91' lang='lat' dir='ltr'><strong>de</strong></span> <span class='ocrx_word' id='word_1_76' title='bbox 1083 813 1190 885; x_wconf 89' lang='lat' dir='ltr'><strong>causis,</strong></span> <span class='ocrx_word' id='word_1_77' title='bbox 1212 830 1286 887; x_wconf 90' lang='lat' dir='ltr'><strong>quas</strong></span> <span class='ocrx_word' id='word_1_78' title='bbox 1305 831 1477 873; x_wconf 88' lang='lat' dir='ltr'><strong>enumerare</strong></span> <span class='ocrx_word' id='word_1_79' title='bbox 1492 815 1585 871; x_wconf 88' lang='lat' dir='ltr'><strong>modo</strong></span> <span class='ocrx_word' id='word_1_80' title='bbox 1600 831 1735 872; x_wconf 87' lang='lat' dir='ltr'><strong>necesse</strong></span> <span class='ocrx_word' id='word_1_81' title='bbox 1749 822 1858 881; x_wconf 85' lang='lat' dir='ltr'><strong>nonest,</strong></span> 
     </span>
     <span class='ocr_line' id='line_1_8' title="bbox 190 901 1858 979; baseline 0.002 -20"><span class='ocrx_word' id='word_1_82' title='bbox 190 905 296 960; x_wconf 88' lang='lat' dir='ltr'><strong>Datum</strong></span> <span class='ocrx_word' id='word_1_83' title='bbox 314 902 458 970; x_wconf 83' lang='lat' dir='ltr'><strong>Laterani,</strong></span> <span class='ocrx_word' id='word_1_84' title='bbox 472 902 571 958; x_wconf 88' lang='lat' dir='ltr'><strong>idibus</strong></span> <span class='ocrx_word' id='word_1_85' title='bbox 588 902 748 973; x_wconf 81' lang='lat' dir='ltr'><strong>Februarii,</strong></span> <span class='ocrx_word' id='word_1_86' title='bbox 764 918 842 960; x_wconf 91' lang='lat' dir='ltr'><strong>anno</strong></span> <span class='ocrx_word' id='word_1_87' title='bbox 855 904 976 960; x_wconf 89' lang='lat' dir='ltr'><strong>decimo.</strong></span> <span class='ocrx_word' id='word_1_88' title='bbox 1034 901 1160 959; x_wconf 91' lang='lat' dir='ltr'><strong>multum</strong></span> <span class='ocrx_word' id='word_1_89' title='bbox 1177 904 1202 959; x_wconf 89' lang='lat' dir='ltr'><strong>ei</strong></span> <span class='ocrx_word' id='word_1_90' title='bbox 1219 903 1249 960; x_wconf 92' lang='lat' dir='ltr'><strong>in</strong></span> <span class='ocrx_word' id='word_1_91' title='bbox 1265 904 1354 960; x_wconf 91' lang='lat' dir='ltr'><strong>rebus</strong></span> <span class='ocrx_word' id='word_1_92' title='bbox 1368 903 1521 962; x_wconf 89' lang='lat' dir='ltr'><strong>ethonore</strong></span> <span class='ocrx_word' id='word_1_93' title='bbox 1551 904 1703 978; x_wconf 84' lang='lat' dir='ltr'><strong>deperiit,</strong></span> <span class='ocrx_word' id='word_1_94' title='bbox 1733 906 1858 979; x_wconf 75' lang='lat' dir='ltr'><strong>precipua</strong></span> 
     </span>
     <span class='ocr_line' id='line_1_9' title="bbox 510 992 1856 1081; baseline 0.007 -38"><span class='ocrx_word' id='word_1_95' title='bbox 510 1025 604 1081; x_wconf 67' lang='lat' dir='ltr'>CCXV</span> <span class='ocrx_word' id='word_1_96' title='bbox 1030 993 1131 1048; x_wconf 88' lang='lat' dir='ltr'><strong>tamen</strong></span> <span class='ocrx_word' id='word_1_97' title='bbox 1146 1009 1181 1048; x_wconf 86' lang='lat' dir='ltr'><strong>ex</strong></span> <span class='ocrx_word' id='word_1_98' title='bbox 1196 992 1276 1051; x_wconf 91' lang='lat' dir='ltr'><strong>illius</strong></span> <span class='ocrx_word' id='word_1_99' title='bbox 1291 993 1504 1066; x_wconf 89' lang='lat' dir='ltr'><strong>archiepiscopi</strong></span> <span class='ocrx_word' id='word_1_100' title='bbox 1520 993 1720 1067; x_wconf 77' lang='lat' dir='ltr'><strong>negligentia</strong></span> <span class='ocrx_word' id='word_1_101' title='bbox 1734 996 1782 1068; x_wconf 88' lang='lat' dir='ltr'><strong>qui</strong></span> <span class='ocrx_word' id='word_1_102' title='bbox 1796 1013 1856 1053; x_wconf 83' lang='lat' dir='ltr'><strong>nune</strong></span> 
     </span>
     <span class='ocr_line' id='line_1_10' title="bbox 462 1067 1857 1171; baseline 0.008 -38"><span class='ocrx_word' id='word_1_103' title='bbox 462 1130 573 1169; x_wconf 54' lang='lat' dir='ltr'>DOMINO</span> <span class='ocrx_word' id='word_1_104' title='bbox 583 1067 670 1171; x_wconf 37' lang='lat' dir='ltr'><strong>mim·</strong></span> <span class='ocrx_word' id='word_1_105' title='bbox 1032 1086 1166 1140; x_wconf 90' lang='lat' dir='ltr'><strong>mortuus</strong></span> <span class='ocrx_word' id='word_1_106' title='bbox 1181 1089 1237 1151; x_wconf 90' lang='lat' dir='ltr'><strong>est,</strong></span> <span class='ocrx_word' id='word_1_107' title='bbox 1254 1089 1282 1141; x_wconf 89' lang='lat' dir='ltr'><strong>et</strong></span> <span class='ocrx_word' id='word_1_108' title='bbox 1296 1101 1331 1142; x_wconf 85' lang='lat' dir='ltr'><strong>ex</strong></span> <span class='ocrx_word' id='word_1_109' title='bbox 1347 1084 1439 1142; x_wconf 91' lang='lat' dir='ltr'><strong>multo</strong></span> <span class='ocrx_word' id='word_1_110' title='bbox 1455 1085 1576 1142; x_wconf 89' lang='lat' dir='ltr'><strong>deiectu</strong></span> <span class='ocrx_word' id='word_1_111' title='bbox 1593 1086 1761 1158; x_wconf 88' lang='lat' dir='ltr'><strong>ipsiusqni</strong></span> <span class='ocrx_word' id='word_1_112' title='bbox 1773 1087 1857 1160; x_wconf 82' lang='lat' dir='ltr'><strong>inipso</strong></span> 
     </span>
     <span class='ocr_line' id='line_1_11' title="bbox 150 1175 1854 1279; baseline 0.004 -18"><span class='ocrx_word' id='word_1_113' title='bbox 150 1204 296 1277; x_wconf 76' lang='lat' dir='ltr'><strong>Philippus</strong></span> <span class='ocrx_word' id='word_1_114' title='bbox 317 1220 368 1259; x_wconf 79' lang='lat' dir='ltr'><strong>ree</strong></span> <span class='ocrx_word' id='word_1_115' title='bbox 381 1203 565 1259; x_wconf 69' lang='lat' dir='ltr'><strong>Rornanorum</strong></span> <span class='ocrx_word' id='word_1_116' title='bbox 581 1202 678 1258; x_wconf 81' lang='lat' dir='ltr'><strong>scribit</strong></span> <span class='ocrx_word' id='word_1_117' title='bbox 691 1219 740 1276; x_wconf 87' lang='lat' dir='ltr'><strong>pro</strong></span> <span class='ocrx_word' id='word_1_118' title='bbox 768 1204 894 1276; x_wconf 81' lang='lat' dir='ltr'><strong>episcopo</strong></span> <span class='ocrx_word' id='word_1_119' title='bbox 919 1204 977 1261; x_wconf 82' lang='lat' dir='ltr'><strong>ste·</strong></span> <span class='ocrx_word' id='word_1_120' title='bbox 1031 1178 1216 1275; x_wconf 60' lang='lat' dir='ltr'><strong>⁰⁰‚nv‘snem’</strong></span> <span class='ocrx_word' id='word_1_121' title='bbox 1233 1175 1360 1278; x_wconf 50' lang='lat' dir='ltr'><strong>malum}</strong></span> <span class='ocrx_word' id='word_1_122' title='bbox 1376 1176 1472 1233; x_wconf 49' lang='grc' dir='ltr'><strong>ΝΜΟ</strong></span> <span class='ocrx_word' id='word_1_123' title='bbox 1487 1175 1854 1279; x_wconf 52' lang='grc' dir='ltr'><strong>Βωῖῃθωίε,8ω1,“ῑ“““</strong></span> 
     </span>
     <span class='ocr_line' id='line_1_12' title="bbox 500 1260 1853 1338; baseline 0.007 -22"><span class='ocrx_word' id='word_1_124' title='bbox 500 1273 621 1330; x_wconf 62' lang='lat' dir='ltr'><strong>uticensi,</strong></span> <span class='ocrx_word' id='word_1_125' title='bbox 1030 1260 1096 1329; x_wconf 81' lang='lat' dir='ltr'><strong>lert,</strong></span> <span class='ocrx_word' id='word_1_126' title='bbox 1113 1266 1153 1319; x_wconf 83' lang='lat' dir='ltr'><strong>ita</strong></span> <span class='ocrx_word' id='word_1_127' title='bbox 1165 1265 1255 1336; x_wconf 87' lang='lat' dir='ltr'><strong>qued,</strong></span> <span class='ocrx_word' id='word_1_128' title='bbox 1270 1279 1305 1322; x_wconf 90' lang='lat' dir='ltr'><strong>sc</strong></span> <span class='ocrx_word' id='word_1_129' title='bbox 1318 1271 1407 1322; x_wconf 83' lang='lat' dir='ltr'><strong>etiam</strong></span> <span class='ocrx_word' id='word_1_130' title='bbox 1419 1265 1516 1322; x_wconf 91' lang='lat' dir='ltr'><strong>adhuc</strong></span> <span class='ocrx_word' id='word_1_131' title='bbox 1526 1267 1806 1338; x_wconf 78' lang='lat' dir='ltr'><strong>vivente,Jamdrcts</strong></span> <span class='ocrx_word' id='word_1_132' title='bbox 1814 1269 1853 1325; x_wconf 79' lang='lat' dir='ltr'><strong>n-</strong></span> 
     </span>
     <span class='ocr_line' id='line_1_13' title="bbox 1030 1349 1854 1428; baseline 0.008 -22"><span class='ocrx_word' id='word_1_133' title='bbox 1030 1349 1119 1409; x_wconf 89' lang='lat' dir='ltr'><strong>clesis</strong></span> <span class='ocrx_word' id='word_1_134' title='bbox 1131 1352 1212 1424; x_wconf 87' lang='lat' dir='ltr'><strong>juste</strong></span> <span class='ocrx_word' id='word_1_135' title='bbox 1228 1359 1327 1424; x_wconf 88' lang='lat' dir='ltr'><strong>posset</strong></span> <span class='ocrx_word' id='word_1_136' title='bbox 1341 1354 1400 1410; x_wconf 91' lang='lat' dir='ltr'><strong>dici</strong></span> <span class='ocrx_word' id='word_1_137' title='bbox 1410 1355 1539 1411; x_wconf 83' lang='lat' dir='ltr'><strong>viduata.</strong></span> <span class='ocrx_word' id='word_1_138' title='bbox 1552 1354 1702 1411; x_wconf 75' lang='lat' dir='ltr'><strong>Moveant</strong></span> <span class='ocrx_word' id='word_1_139' title='bbox 1713 1354 1773 1412; x_wconf 77' lang='lat' dir='ltr'><strong>hee</strong></span> <span class='ocrx_word' id='word_1_140' title='bbox 1782 1356 1854 1428; x_wconf 75' lang='lat' dir='ltr'><strong>igitu</strong></span> 
     </span>
     <span class='ocr_line' id='line_1_14' title="bbox 1029 1441 1853 1516; baseline 0.011 -22"><span class='ocrx_word' id='word_1_141' title='bbox 1029 1443 1157 1496; x_wconf 80' lang='lat' dir='ltr'><strong>nestram</strong></span> <span class='ocrx_word' id='word_1_142' title='bbox 1174 1441 1375 1509; x_wconf 75' lang='lat' dir='ltr'><strong>sanctitatem,</strong></span> <span class='ocrx_word' id='word_1_143' title='bbox 1391 1447 1419 1498; x_wconf 92' lang='lat' dir='ltr'><strong>et</strong></span> <span class='ocrx_word' id='word_1_144' title='bbox 1433 1443 1567 1500; x_wconf 91' lang='lat' dir='ltr'><strong>miseriis</strong></span> <span class='ocrx_word' id='word_1_145' title='bbox 1582 1443 1691 1516; x_wconf 89' lang='lat' dir='ltr'><strong>ipsius</strong></span> <span class='ocrx_word' id='word_1_146' title='bbox 1707 1446 1853 1503; x_wconf 74' lang='lat' dir='ltr'><strong>bremensis</strong></span> 
     </span>
     <span class='ocr_line' id='line_1_15' title="bbox 1029 1528 1852 1603; baseline 0.009 -19"><span class='ocrx_word' id='word_1_147' title='bbox 1029 1528 1164 1586; x_wconf 83' lang='lat' dir='ltr'><strong>Ecclesie</strong></span> <span class='ocrx_word' id='word_1_148' title='bbox 1178 1530 1208 1586; x_wconf 91' lang='lat' dir='ltr'><strong>in</strong></span> <span class='ocrx_word' id='word_1_149' title='bbox 1224 1530 1279 1587; x_wconf 90' lang='lat' dir='ltr'><strong>boc</strong></span> <span class='ocrx_word' id='word_1_150' title='bbox 1296 1536 1418 1603; x_wconf 91' lang='lat' dir='ltr'><strong>paterne</strong></span> <span class='ocrx_word' id='word_1_151' title='bbox 1433 1531 1657 1601; x_wconf 88' lang='lat' dir='ltr'><strong>consulatis,ut</strong></span> <span class='ocrx_word' id='word_1_152' title='bbox 1670 1549 1725 1590; x_wconf 84' lang='lat' dir='ltr'><strong>vos</strong></span> <span class='ocrx_word' id='word_1_153' title='bbox 1735 1534 1761 1590; x_wconf 89' lang='lat' dir='ltr'><strong>ei</strong></span> <span class='ocrx_word' id='word_1_154' title='bbox 1774 1540 1852 1591; x_wconf 86' lang='lat' dir='ltr'><strong>trans·</strong></span> 
     </span>
     <span class='ocr_line' id='line_1_16' title="bbox 1029 1618 1851 1697; baseline 0.009 -25"><span class='ocrx_word' id='word_1_155' title='bbox 1029 1618 1152 1674; x_wconf 85' lang='lat' dir='ltr'><strong>mittatis</strong></span> <span class='ocrx_word' id='word_1_156' title='bbox 1168 1619 1320 1676; x_wconf 90' lang='lat' dir='ltr'><strong>dominum</strong></span> <span class='ocrx_word' id='word_1_157' title='bbox 1336 1621 1561 1678; x_wconf 79' lang='lat' dir='ltr'><strong>waldemarum</strong></span> <span class='ocrx_word' id='word_1_158' title='bbox 1573 1620 1796 1679; x_wconf 87' lang='lat' dir='ltr'><strong>Slewicensem</strong></span> <span class='ocrx_word' id='word_1_159' title='bbox 1808 1624 1851 1697; x_wconf 83' lang='lat' dir='ltr'><strong>epi·</strong></span> 
     </span>
     <span class='ocr_line' id='line_1_17' title="bbox 988 1708 1851 1802; baseline 0.009 -41"><span class='ocrx_word' id='word_1_160' title='bbox 988 1737 1012 1802; x_wconf 75' lang='lat' dir='ltr'><strong>B</strong></span> <span class='ocrx_word' id='word_1_161' title='bbox 1028 1723 1162 1778; x_wconf 90' lang='lat' dir='ltr'><strong>scopum,</strong></span> <span class='ocrx_word' id='word_1_162' title='bbox 1179 1708 1229 1780; x_wconf 87' lang='lat' dir='ltr'><strong>qui</strong></span> <span class='ocrx_word' id='word_1_163' title='bbox 1243 1725 1261 1764; x_wconf 90' lang='lat' dir='ltr'><strong>a</strong></span> <span class='ocrx_word' id='word_1_164' title='bbox 1276 1710 1433 1766; x_wconf 87' lang='lat' dir='ltr'><strong>sanctitate</strong></span> <span class='ocrx_word' id='word_1_165' title='bbox 1447 1715 1547 1767; x_wconf 84' lang='lat' dir='ltr'><strong>vestre</strong></span> <span class='ocrx_word' id='word_1_166' title='bbox 1570 1711 1766 1783; x_wconf 88' lang='lat' dir='ltr'><strong>postulatur.</strong></span> <span class='ocrx_word' id='word_1_167' title='bbox 1791 1714 1851 1769; x_wconf 81' lang='lat' dir='ltr'><strong>Scin</strong></span> 
     </span>
     <span class='ocr_line' id='line_1_18' title="bbox 1027 1796 1850 1873; baseline 0.009 -23"><span class='ocrx_word' id='word_1_168' title='bbox 1027 1796 1116 1851; x_wconf 85' lang='lat' dir='ltr'><strong>etlam</strong></span> <span class='ocrx_word' id='word_1_169' title='bbox 1130 1813 1182 1854; x_wconf 82' lang='lat' dir='ltr'><strong>ene</strong></span> <span class='ocrx_word' id='word_1_170' title='bbox 1197 1797 1332 1855; x_wconf 87' lang='lat' dir='ltr'><strong>velumus</strong></span> <span class='ocrx_word' id='word_1_171' title='bbox 1348 1800 1424 1871; x_wconf 90' lang='lat' dir='ltr'><strong>quod</strong></span> <span class='ocrx_word' id='word_1_172' title='bbox 1439 1804 1588 1871; x_wconf 87' lang='lat' dir='ltr'><strong>quantum</strong></span> <span class='ocrx_word' id='word_1_173' title='bbox 1605 1800 1646 1856; x_wconf 88' lang='lat' dir='ltr'><strong>ad</strong></span> <span class='ocrx_word' id='word_1_174' title='bbox 1660 1818 1718 1858; x_wconf 92' lang='lat' dir='ltr'><strong>nos</strong></span> <span class='ocrx_word' id='word_1_175' title='bbox 1733 1803 1804 1859; x_wconf 82' lang='lat' dir='ltr'><strong>etad</strong></span> <span class='ocrx_word' id='word_1_176' title='bbox 1812 1803 1850 1873; x_wconf 78' lang='lat' dir='ltr'><strong>jes</strong></span> 
     </span>
     <span class='ocr_line' id='line_1_19' title="bbox 1025 1887 1849 1961; baseline 0.008 -21"><span class='ocrx_word' id='word_1_177' title='bbox 1025 1888 1140 1957; x_wconf 89' lang='lat' dir='ltr'><strong>spectat</strong></span> <span class='ocrx_word' id='word_1_178' title='bbox 1154 1887 1271 1958; x_wconf 89' lang='lat' dir='ltr'><strong>inperii,</strong></span> <span class='ocrx_word' id='word_1_179' title='bbox 1288 1892 1317 1944; x_wconf 88' lang='lat' dir='ltr'><strong>et</strong></span> <span class='ocrx_word' id='word_1_180' title='bbox 1329 1891 1474 1961; x_wconf 90' lang='lat' dir='ltr'><strong>quantum</strong></span> <span class='ocrx_word' id='word_1_181' title='bbox 1489 1888 1519 1945; x_wconf 92' lang='lat' dir='ltr'><strong>in</strong></span> <span class='ocrx_word' id='word_1_182' title='bbox 1536 1889 1632 1947; x_wconf 92' lang='lat' dir='ltr'><strong>nobis</strong></span> <span class='ocrx_word' id='word_1_183' title='bbox 1648 1891 1720 1959; x_wconf 88' lang='lat' dir='ltr'><strong>erit,</strong></span> <span class='ocrx_word' id='word_1_184' title='bbox 1750 1893 1785 1949; x_wconf 92' lang='lat' dir='ltr'><strong>ad</strong></span> <span class='ocrx_word' id='word_1_185' title='bbox 1810 1891 1849 1947; x_wconf 86' lang='lat' dir='ltr'><strong>boc</strong></span> 
     </span>
     <span class='ocr_line' id='line_1_20' title="bbox 1025 1974 1848 2050; baseline 0.006 -21"><span class='ocrx_word' id='word_1_186' title='bbox 1025 1974 1165 2032; x_wconf 90' lang='lat' dir='ltr'><strong>adhibere</strong></span> <span class='ocrx_word' id='word_1_187' title='bbox 1179 1975 1315 2033; x_wconf 88' lang='lat' dir='ltr'><strong>volomus</strong></span> <span class='ocrx_word' id='word_1_188' title='bbox 1336 1978 1415 2050; x_wconf 87' lang='lat' dir='ltr'><strong>piam</strong></span> <span class='ocrx_word' id='word_1_189' title='bbox 1440 1994 1560 2049; x_wconf 87' lang='lat' dir='ltr'><strong>operam</strong></span> <span class='ocrx_word' id='word_1_190' title='bbox 1593 1983 1628 2036; x_wconf 91' lang='lat' dir='ltr'><strong>et</strong></span> <span class='ocrx_word' id='word_1_191' title='bbox 1658 1980 1808 2037; x_wconf 83' lang='lat' dir='ltr'><strong>efficacem</strong></span> <span class='ocrx_word' id='word_1_192' title='bbox 1827 1988 1848 2035; x_wconf 87' lang='lat' dir='ltr'><strong>rt</strong></span> 
     </span>
     <span class='ocr_line' id='line_1_21' title="bbox 1025 2065 1849 2144; baseline 0.01 -24"><span class='ocrx_word' id='word_1_193' title='bbox 1025 2065 1089 2138; x_wconf 84' lang='lat' dir='ltr'><strong>ipsa</strong></span> <span class='ocrx_word' id='word_1_194' title='bbox 1099 2066 1404 2126; x_wconf 89' lang='lat' dir='ltr'><strong>BremensisEeelesia</strong></span> <span class='ocrx_word' id='word_1_195' title='bbox 1420 2070 1626 2144; x_wconf 88' lang='lat' dir='ltr'><strong>inpristinum</strong></span> <span class='ocrx_word' id='word_1_196' title='bbox 1639 2077 1757 2129; x_wconf 86' lang='lat' dir='ltr'><strong>statum</strong></span> <span class='ocrx_word' id='word_1_197' title='bbox 1765 2090 1849 2131; x_wconf 63' lang='lat' dir='ltr'><strong>meon·</strong></span> 
     </span>
     <span class='ocr_line' id='line_1_22' title="bbox 1025 2153 1850 2234; baseline 0.01 -27"><span class='ocrx_word' id='word_1_198' title='bbox 1025 2153 1096 2208; x_wconf 88' lang='lat' dir='ltr'><strong>dum</strong></span> <span class='ocrx_word' id='word_1_199' title='bbox 1113 2154 1324 2225; x_wconf 80' lang='lat' dir='ltr'><strong>dignitatemet</strong></span> <span class='ocrx_word' id='word_1_200' title='bbox 1340 2157 1480 2214; x_wconf 89' lang='lat' dir='ltr'><strong>bonorem</strong></span> <span class='ocrx_word' id='word_1_201' title='bbox 1496 2175 1590 2230; x_wconf 89' lang='lat' dir='ltr'><strong>quem</strong></span> <span class='ocrx_word' id='word_1_202' title='bbox 1604 2161 1850 2234; x_wconf 86' lang='lat' dir='ltr'><strong>quandoquecos·</strong></span> 
     </span>
     <span class='ocr_line' id='line_1_23' title="bbox 1025 2242 1531 2317; baseline 0.016 -20"><span class='ocrx_word' id='word_1_203' title='bbox 1025 2242 1121 2300; x_wconf 90' lang='lat' dir='ltr'><strong>suevlt</strong></span> <span class='ocrx_word' id='word_1_204' title='bbox 1135 2243 1242 2301; x_wconf 87' lang='lat' dir='ltr'><strong>habere</strong></span> <span class='ocrx_word' id='word_1_205' title='bbox 1257 2245 1351 2317; x_wconf 83' lang='lat' dir='ltr'><strong>poenit</strong></span> <span class='ocrx_word' id='word_1_206' title='bbox 1366 2247 1531 2305; x_wconf 79' lang='lat' dir='ltr'><strong>reformari.</strong></span> 
     </span>
    </p>
   </div>
   <div class='ocr_carea' id='block_1_3' title="bbox 53 1382 1886 5495">
    <p class='ocr_par' dir='ltr' id='par_1_3' title="bbox 149 1382 975 1804">
     <span class='ocr_line' id='line_1_24' title="bbox 183 1382 975 1445; baseline -0.001 0"><span class='ocrx_word' id='word_1_207' title='bbox 183 1382 350 1445; x_wconf 81' lang='lat' dir='ltr'><strong>Reverendo</strong></span> <span class='ocrx_word' id='word_1_208' title='bbox 366 1385 396 1441; x_wconf 91' lang='lat' dir='ltr'><strong>in</strong></span> <span class='ocrx_word' id='word_1_209' title='bbox 416 1385 516 1441; x_wconf 87' lang='lat' dir='ltr'><strong>Ghisto</strong></span> <span class='ocrx_word' id='word_1_210' title='bbox 532 1382 611 1442; x_wconf 91' lang='lat' dir='ltr'><strong>Patri</strong></span> <span class='ocrx_word' id='word_1_211' title='bbox 627 1402 680 1442; x_wconf 92' lang='lat' dir='ltr'><strong>suo</strong></span> <span class='ocrx_word' id='word_1_212' title='bbox 703 1385 891 1443; x_wconf 87' lang='lat' dir='ltr'><strong>sanctissimo</strong></span> <span class='ocrx_word' id='word_1_213' title='bbox 921 1388 975 1445; x_wconf 93' lang='lat' dir='ltr'><strong>do-</strong></span> 
     </span>
     <span class='ocr_line' id='line_1_25' title="bbox 149 1474 975 1535; baseline -0.002 0"><span class='ocrx_word' id='word_1_214' title='bbox 149 1478 229 1535; x_wconf 91' lang='lat' dir='ltr'><strong>mino</strong></span> <span class='ocrx_word' id='word_1_215' title='bbox 251 1479 418 1534; x_wconf 77' lang='lat' dir='ltr'><strong>lesocasrro</strong></span> <span class='ocrx_word' id='word_1_216' title='bbox 452 1480 646 1531; x_wconf 80' lang='lat' dir='ltr'><strong>sacrosancte</strong></span> <span class='ocrx_word' id='word_1_217' title='bbox 676 1476 810 1531; x_wconf 86' lang='lat' dir='ltr'><strong>llomsnae</strong></span> <span class='ocrx_word' id='word_1_218' title='bbox 839 1474 975 1534; x_wconf 78' lang='lat' dir='ltr'><strong>Ecclesia</strong></span> 
     </span>
     <span class='ocr_line' id='line_1_26' title="bbox 150 1562 972 1637; baseline -0.004 -14"><span class='ocrx_word' id='word_1_219' title='bbox 150 1583 268 1623; x_wconf 88' lang='lat' dir='ltr'><strong>summo</strong></span> <span class='ocrx_word' id='word_1_220' title='bbox 283 1565 413 1637; x_wconf 90' lang='lat' dir='ltr'><strong>pontillci</strong></span> <span class='ocrx_word' id='word_1_221' title='bbox 430 1564 574 1619; x_wconf 74' lang='lat' dir='ltr'><strong>Puniceus</strong></span> <span class='ocrx_word' id='word_1_222' title='bbox 590 1562 640 1619; x_wconf 90' lang='lat' dir='ltr'><strong>Dei</strong></span> <span class='ocrx_word' id='word_1_223' title='bbox 661 1563 757 1634; x_wconf 84' lang='lat' dir='ltr'><strong>gretie</strong></span> <span class='ocrx_word' id='word_1_224' title='bbox 774 1567 972 1620; x_wconf 82' lang='lat' dir='ltr'><strong>Romanorum</strong></span> 
     </span>
     <span class='ocr_line' id='line_1_27' title="bbox 151 1652 974 1729; baseline -0.002 -15"><span class='ocrx_word' id='word_1_225' title='bbox 151 1674 199 1714; x_wconf 87' lang='lat' dir='ltr'><strong>rex</strong></span> <span class='ocrx_word' id='word_1_226' title='bbox 215 1673 332 1729; x_wconf 86' lang='lat' dir='ltr'><strong>semper</strong></span> <span class='ocrx_word' id='word_1_227' title='bbox 342 1659 487 1726; x_wconf 86' lang='lat' dir='ltr'><strong>angustus</strong></span> <span class='ocrx_word' id='word_1_228' title='bbox 503 1653 627 1709; x_wconf 81' lang='lat' dir='ltr'><strong>salutern</strong></span> <span class='ocrx_word' id='word_1_229' title='bbox 644 1656 672 1708; x_wconf 90' lang='lat' dir='ltr'><strong>et</strong></span> <span class='ocrx_word' id='word_1_230' title='bbox 692 1652 791 1710; x_wconf 87' lang='lat' dir='ltr'><strong>filialis</strong></span> <span class='ocrx_word' id='word_1_231' title='bbox 808 1654 974 1712; x_wconf 82' lang='lat' dir='ltr'><strong>dilectionis</strong></span> 
     </span>
     <span class='ocr_line' id='line_1_28' title="bbox 151 1747 299 1804; baseline -0.034 0"><span class='ocrx_word' id='word_1_232' title='bbox 151 1747 299 1804; x_wconf 81' lang='lat' dir='ltr'><strong>affectum.</strong></span> 
     </span>
    </p>

    <p class='ocr_par' dir='ltr' id='par_1_4' title="bbox 185 1832 974 1909">
     <span class='ocr_line' id='line_1_29' title="bbox 185 1832 974 1909; baseline 0 -16"><span class='ocrx_word' id='word_1_233' title='bbox 185 1843 257 1895; x_wconf 83' lang='lat' dir='ltr'><strong>Cum</strong></span> <span class='ocrx_word' id='word_1_234' title='bbox 274 1836 358 1909; x_wconf 89' lang='lat' dir='ltr'><strong>plene</strong></span> <span class='ocrx_word' id='word_1_235' title='bbox 373 1832 492 1890; x_wconf 87' lang='lat' dir='ltr'><strong>cuilibet</strong></span> <span class='ocrx_word' id='word_1_236' title='bbox 504 1837 638 1890; x_wconf 85' lang='lat' dir='ltr'><strong>constare</strong></span> <span class='ocrx_word' id='word_1_237' title='bbox 654 1834 748 1906; x_wconf 90' lang='lat' dir='ltr'><strong>possit</strong></span> <span class='ocrx_word' id='word_1_238' title='bbox 763 1835 841 1906; x_wconf 89' lang='lat' dir='ltr'><strong>quod</strong></span> <span class='ocrx_word' id='word_1_239' title='bbox 862 1836 898 1892; x_wconf 88' lang='lat' dir='ltr'><strong>ab</strong></span> <span class='ocrx_word' id='word_1_240' title='bbox 924 1835 974 1893; x_wconf 93' lang='lat' dir='ltr'><strong>illo</strong></span> 
     </span>
    </p>

    <p class='ocr_par' dir='ltr' id='par_1_5' title="bbox 53 1922 1886 5035">
     <span class='ocr_line' id='line_1_30' title="bbox 53 1922 974 1997; baseline -0.004 -12"><span class='ocrx_word' id='word_1_241' title='bbox 53 1954 56 1959; x_wconf 95' lang='lat'>·</span> <span class='ocrx_word' id='word_1_242' title='bbox 151 1929 230 1985; x_wconf 88' lang='lat' dir='ltr'><strong>lente</strong></span> <span class='ocrx_word' id='word_1_243' title='bbox 244 1926 274 1982; x_wconf 92' lang='lat' dir='ltr'><strong>in</strong></span> <span class='ocrx_word' id='word_1_244' title='bbox 290 1942 347 1997; x_wconf 93' lang='lat' dir='ltr'><strong>qun</strong></span> <span class='ocrx_word' id='word_1_245' title='bbox 362 1924 454 1980; x_wconf 91' lang='lat' dir='ltr'><strong>totius</strong></span> <span class='ocrx_word' id='word_1_246' title='bbox 470 1922 613 1995; x_wconf 89' lang='lat' dir='ltr'><strong>spiritalis</strong></span> <span class='ocrx_word' id='word_1_247' title='bbox 624 1922 703 1993; x_wconf 87' lang='lat' dir='ltr'><strong>juris</strong></span> <span class='ocrx_word' id='word_1_248' title='bbox 731 1931 758 1978; x_wconf 91' lang='lat' dir='ltr'><strong>et</strong></span> <span class='ocrx_word' id='word_1_249' title='bbox 782 1924 974 1981; x_wconf 88' lang='lat' dir='ltr'><strong>ecclesiastici</strong></span> 
     </span>
     <span class='ocr_line' id='line_1_31' title="bbox 147 2008 974 2089; baseline 0 -18"><span class='ocrx_word' id='word_1_250' title='bbox 147 2015 298 2089; x_wconf 87' lang='lat' dir='ltr'><strong>plenitudo</strong></span> <span class='ocrx_word' id='word_1_251' title='bbox 312 2012 448 2070; x_wconf 90' lang='lat' dir='ltr'><strong>consistit</strong></span> <span class='ocrx_word' id='word_1_252' title='bbox 462 2009 535 2066; x_wconf 92' lang='lat' dir='ltr'><strong>nibil</strong></span> <span class='ocrx_word' id='word_1_253' title='bbox 551 2008 630 2066; x_wconf 85' lang='lat' dir='ltr'><strong>eliud</strong></span> <span class='ocrx_word' id='word_1_254' title='bbox 648 2012 805 2084; x_wconf 88' lang='lat' dir='ltr'><strong>procedere</strong></span> <span class='ocrx_word' id='word_1_255' title='bbox 820 2013 914 2086; x_wconf 91' lang='lat' dir='ltr'><strong>possit</strong></span> <span class='ocrx_word' id='word_1_256' title='bbox 928 2015 974 2071; x_wconf 88' lang='lat' dir='ltr'><strong>vel</strong></span> 
     </span>
     <span class='ocr_line' id='line_1_32' title="bbox 146 2100 972 2174; baseline -0.001 -13"><span class='ocrx_word' id='word_1_257' title='bbox 146 2104 254 2162; x_wconf 88' lang='lat' dir='ltr'><strong>abinde</strong></span> <span class='ocrx_word' id='word_1_258' title='bbox 264 2102 389 2160; x_wconf 86' lang='lat' dir='ltr'><strong>derivari</strong></span> <span class='ocrx_word' id='word_1_259' title='bbox 405 2102 461 2157; x_wconf 91' lang='lat' dir='ltr'><strong>nisi</strong></span> <span class='ocrx_word' id='word_1_260' title='bbox 474 2100 551 2173; x_wconf 88' lang='lat' dir='ltr'><strong>qood</strong></span> <span class='ocrx_word' id='word_1_261' title='bbox 564 2104 701 2156; x_wconf 85' lang='lat' dir='ltr'><strong>sanctum</strong></span> <span class='ocrx_word' id='word_1_262' title='bbox 718 2101 758 2156; x_wconf 90' lang='lat' dir='ltr'><strong>sit</strong></span> <span class='ocrx_word' id='word_1_263' title='bbox 770 2105 798 2156; x_wconf 93' lang='lat' dir='ltr'><strong>et</strong></span> <span class='ocrx_word' id='word_1_264' title='bbox 814 2103 891 2174; x_wconf 90' lang='lat' dir='ltr'><strong>quod</strong></span> <span class='ocrx_word' id='word_1_265' title='bbox 904 2120 972 2160; x_wconf 90' lang='lat' dir='ltr'><strong>con·</strong></span> 
     </span>
     <span class='ocr_line' id='line_1_33' title="bbox 146 2189 973 2265; baseline -0.001 -14"><span class='ocrx_word' id='word_1_266' title='bbox 146 2195 239 2251; x_wconf 85' lang='lat' dir='ltr'><strong>tinent</strong></span> <span class='ocrx_word' id='word_1_267' title='bbox 251 2194 436 2265; x_wconf 79' lang='lat' dir='ltr'><strong>aequitatem,</strong></span> <span class='ocrx_word' id='word_1_268' title='bbox 452 2206 566 2262; x_wconf 88' lang='lat' dir='ltr'><strong>semper</strong></span> <span class='ocrx_word' id='word_1_269' title='bbox 582 2190 637 2245; x_wconf 90' lang='lat' dir='ltr'><strong>bne</strong></span> <span class='ocrx_word' id='word_1_270' title='bbox 654 2189 721 2245; x_wconf 87' lang='lat' dir='ltr'><strong>inde</strong></span> <span class='ocrx_word' id='word_1_271' title='bbox 737 2192 916 2262; x_wconf 87' lang='lat' dir='ltr'><strong>sperandum</strong></span> <span class='ocrx_word' id='word_1_272' title='bbox 929 2198 973 2250; x_wconf 88' lang='lat' dir='ltr'><strong>est</strong></span> 
     </span>
     <span class='ocr_line' id='line_1_34' title="bbox 145 2276 971 2356; baseline -0.002 -16"><span class='ocrx_word' id='word_1_273' title='bbox 145 2301 196 2356; x_wconf 86' lang='lat' dir='ltr'><strong>per</strong></span> <span class='ocrx_word' id='word_1_274' title='bbox 211 2282 289 2354; x_wconf 91' lang='lat' dir='ltr'><strong>quod</strong></span> <span class='ocrx_word' id='word_1_275' title='bbox 305 2279 465 2350; x_wconf 83' lang='lat' dir='ltr'><strong>unicuique</strong></span> <span class='ocrx_word' id='word_1_276' title='bbox 480 2276 661 2342; x_wconf 88' lang='lat' dir='ltr'><strong>consolator,</strong></span> <span class='ocrx_word' id='word_1_277' title='bbox 677 2282 849 2336; x_wconf 80' lang='lat' dir='ltr'><strong>conservata</strong></span> <span class='ocrx_word' id='word_1_278' title='bbox 872 2284 971 2338; x_wconf 88' lang='lat' dir='ltr'><strong>tamen</strong></span> 
     </span>
     <span class='ocr_line' id='line_1_35' title="bbox 147 2361 1490 2440; baseline -0.006 -13"><span class='ocrx_word' id='word_1_279' title='bbox 147 2371 214 2427; x_wconf 92' lang='lat' dir='ltr'><strong>buic</strong></span> <span class='ocrx_word' id='word_1_280' title='bbox 230 2370 301 2426; x_wconf 88' lang='lat' dir='ltr'><strong>ionti</strong></span> <span class='ocrx_word' id='word_1_281' title='bbox 318 2368 408 2425; x_wconf 91' lang='lat' dir='ltr'><strong>totius</strong></span> <span class='ocrx_word' id='word_1_282' title='bbox 423 2384 482 2424; x_wconf 78' lang='lat' dir='ltr'><strong>sun</strong></span> <span class='ocrx_word' id='word_1_283' title='bbox 499 2366 683 2423; x_wconf 88' lang='lat' dir='ltr'><strong>auctoritatis</strong></span> <span class='ocrx_word' id='word_1_284' title='bbox 696 2368 873 2440; x_wconf 76' lang='lat' dir='ltr'><strong>integritate,</strong></span> <span class='ocrx_word' id='word_1_285' title='bbox 900 2370 971 2427; x_wconf 89' lang='lat' dir='ltr'><strong>Cum</strong></span> <span class='ocrx_word' id='word_1_286' title='bbox 1376 2361 1490 2419; x_wconf 85' lang='lat' dir='ltr'>CCXVI.</span> 
     </span>
     <span class='ocr_line' id='line_1_36' title="bbox 146 2452 1653 2541; baseline -0.001 -26"><span class='ocrx_word' id='word_1_287' title='bbox 146 2460 237 2532; x_wconf 80' lang='lat' dir='ltr'><strong>igitur</strong></span> <span class='ocrx_word' id='word_1_288' title='bbox 252 2457 329 2530; x_wconf 89' lang='lat' dir='ltr'><strong>apud</strong></span> <span class='ocrx_word' id='word_1_289' title='bbox 340 2457 526 2513; x_wconf 84' lang='lat' dir='ltr'><strong>sanctitatem</strong></span> <span class='ocrx_word' id='word_1_290' title='bbox 538 2452 665 2512; x_wconf 79' lang='lat' dir='ltr'><strong>vestram</strong></span> <span class='ocrx_word' id='word_1_291' title='bbox 678 2456 778 2513; x_wconf 89' lang='lat' dir='ltr'><strong>divina</strong></span> <span class='ocrx_word' id='word_1_292' title='bbox 787 2458 972 2541; x_wconf 84' lang='lat' dir='ltr'><strong>ordinatione</strong></span> <span class='ocrx_word' id='word_1_293' title='bbox 1226 2466 1335 2506; x_wconf 68' lang='lat' dir='ltr'><strong>HERVEO</strong></span> <span class='ocrx_word' id='word_1_294' title='bbox 1349 2468 1482 2510; x_wconf 69' lang='lat' dir='ltr'><strong>mutnet</strong></span> <span class='ocrx_word' id='word_1_295' title='bbox 1498 2460 1653 2511; x_wconf 70' lang='lat' dir='ltr'><strong>tetscoetl.</strong></span> 
     </span>
     <span class='ocr_line' id='line_1_37' title="bbox 146 2536 1847 2621; baseline 0.008 -15"><span class='ocrx_word' id='word_1_296' title='bbox 146 2548 237 2606; x_wconf 89' lang='lat' dir='ltr'><strong>totius</strong></span> <span class='ocrx_word' id='word_1_297' title='bbox 253 2545 443 2605; x_wconf 89' lang='lat' dir='ltr'><strong>ecclesiastici</strong></span> <span class='ocrx_word' id='word_1_298' title='bbox 464 2545 542 2617; x_wconf 89' lang='lat' dir='ltr'><strong>juris</strong></span> <span class='ocrx_word' id='word_1_299' title='bbox 569 2545 721 2619; x_wconf 88' lang='lat' dir='ltr'><strong>plenitudo</strong></span> <span class='ocrx_word' id='word_1_300' title='bbox 750 2546 903 2620; x_wconf 85' lang='lat' dir='ltr'><strong>consistat,</strong></span> <span class='ocrx_word' id='word_1_301' title='bbox 928 2554 973 2607; x_wconf 90' lang='lat' dir='ltr'><strong>est</strong></span> <span class='ocrx_word' id='word_1_302' title='bbox 1024 2536 1537 2611; x_wconf 50' lang='lat' dir='ltr'><strong>C⁰t²firmflttl¹²⁷lltltilttfiss&amp;⁶3⁶stae</strong></span> <span class='ocrx_word' id='word_1_303' title='bbox 1557 2542 1638 2604; x_wconf 64' lang='lat' dir='ltr'><strong>Tm·</strong></span> <span class='ocrx_word' id='word_1_304' title='bbox 1661 2562 1793 2605; x_wconf 70' lang='lat' dir='ltr'><strong>0⁰²²⁶⁶⁸³fl</strong></span> <span class='ocrx_word' id='word_1_305' title='bbox 1811 2564 1847 2621; x_wconf 57' lang='grc' dir='ltr'><strong>μ’</strong></span> 
     </span>
     <span class='ocr_line' id='line_1_38' title="bbox 147 2614 1652 2719; baseline -0.003 -24"><span class='ocrx_word' id='word_1_306' title='bbox 147 2638 275 2709; x_wconf 87' lang='lat' dir='ltr'><strong>denique</strong></span> <span class='ocrx_word' id='word_1_307' title='bbox 289 2636 367 2708; x_wconf 88' lang='lat' dir='ltr'><strong>apud</strong></span> <span class='ocrx_word' id='word_1_308' title='bbox 383 2635 571 2708; x_wconf 88' lang='lat' dir='ltr'><strong>prudentiam</strong></span> <span class='ocrx_word' id='word_1_309' title='bbox 589 2624 713 2690; x_wconf 85' lang='lat' dir='ltr'><strong>vestram</strong></span> <span class='ocrx_word' id='word_1_310' title='bbox 730 2638 859 2708; x_wconf 89' lang='lat' dir='ltr'><strong>potestas</strong></span> <span class='ocrx_word' id='word_1_311' title='bbox 873 2636 970 2709; x_wconf 91' lang='lat' dir='ltr'><strong>plena,</strong></span> <span class='ocrx_word' id='word_1_312' title='bbox 1286 2627 1379 2715; x_wconf 72' lang='lat' dir='ltr'><strong>recem</strong></span> <span class='ocrx_word' id='word_1_313' title='bbox 1405 2614 1592 2672; x_wconf 48' lang='lat' dir='ltr'><strong>‘&#39;mmm-</strong></span> <span class='ocrx_word' id='word_1_314' title='bbox 1633 2706 1652 2719; x_wconf 91' lang='lat'><strong>..</strong></span> 
     </span>
     <span class='ocr_line' id='line_1_39' title="bbox 145 2701 1683 2800; baseline -0.001 -16"><span class='ocrx_word' id='word_1_315' title='bbox 145 2727 278 2800; x_wconf 88' lang='lat' dir='ltr'><strong>inspecta</strong></span> <span class='ocrx_word' id='word_1_316' title='bbox 293 2722 456 2782; x_wconf 90' lang='lat' dir='ltr'><strong>secondum</strong></span> <span class='ocrx_word' id='word_1_317' title='bbox 472 2721 642 2780; x_wconf 89' lang='lat' dir='ltr'><strong>varietatcm</strong></span> <span class='ocrx_word' id='word_1_318' title='bbox 665 2723 813 2781; x_wconf 89' lang='lat' dir='ltr'><strong>variorum</strong></span> <span class='ocrx_word' id='word_1_319' title='bbox 841 2727 970 2800; x_wconf 84' lang='lat' dir='ltr'><strong>negotio·</strong></span> <span class='ocrx_word' id='word_1_320' title='bbox 1202 2701 1361 2773; x_wconf 57' lang='lat' dir='ltr'><strong>(menb</strong></span> <span class='ocrx_word' id='word_1_321' title='bbox 1374 2718 1413 2758; x_wconf 73' lang='lat' dir='ltr'><strong>V¹¹</strong></span> <span class='ocrx_word' id='word_1_322' title='bbox 1433 2703 1476 2760; x_wconf 67' lang='grc' dir='ltr'><strong>ω·</strong></span> <span class='ocrx_word' id='word_1_323' title='bbox 1493 2703 1683 2777; x_wconf 56' lang='lat' dir='ltr'><strong>mmm)</strong></span> 
     </span>
     <span class='ocr_line' id='line_1_40' title="bbox 145 2812 1846 2899; baseline 0.007 -25"><span class='ocrx_word' id='word_1_324' title='bbox 145 2833 212 2874; x_wconf 92' lang='lat' dir='ltr'><strong>rum</strong></span> <span class='ocrx_word' id='word_1_325' title='bbox 229 2814 414 2881; x_wconf 87' lang='lat' dir='ltr'><strong>necessitate,</strong></span> <span class='ocrx_word' id='word_1_326' title='bbox 428 2812 553 2886; x_wconf 83' lang='lat' dir='ltr'><strong>rigorem</strong></span> <span class='ocrx_word' id='word_1_327' title='bbox 569 2812 695 2869; x_wconf 90' lang='lat' dir='ltr'><strong>districti</strong></span> <span class='ocrx_word' id='word_1_328' title='bbox 708 2813 785 2884; x_wconf 90' lang='lat' dir='ltr'><strong>juris</strong></span> <span class='ocrx_word' id='word_1_329' title='bbox 795 2818 968 2888; x_wconf 86' lang='lat' dir='ltr'><strong>temperare,</strong></span> <span class='ocrx_word' id='word_1_330' title='bbox 1058 2817 1657 2899; x_wconf 85' lang='lat' dir='ltr'><strong>Soletaunucre,etc.Exlitterissiquidem</strong></span> <span class='ocrx_word' id='word_1_331' title='bbox 1666 2820 1846 2885; x_wconf 72' lang='lat' dir='ltr'><strong>fraternitatis</strong></span> 
     </span>
     <span class='ocr_line' id='line_1_41' title="bbox 144 2900 1843 2983; baseline 0.005 -19"><span class='ocrx_word' id='word_1_332' title='bbox 144 2912 173 2964; x_wconf 91' lang='lat' dir='ltr'><strong>et</strong></span> <span class='ocrx_word' id='word_1_333' title='bbox 187 2904 373 2978; x_wconf 89' lang='lat' dir='ltr'><strong>quandoque,</strong></span> <span class='ocrx_word' id='word_1_334' title='bbox 391 2919 458 2959; x_wconf 92' lang='lat' dir='ltr'><strong>cum</strong></span> <span class='ocrx_word' id='word_1_335' title='bbox 475 2907 504 2959; x_wconf 90' lang='lat' dir='ltr'><strong>et</strong></span> <span class='ocrx_word' id='word_1_336' title='bbox 520 2900 579 2959; x_wconf 71' lang='lat' dir='ltr'><strong>llaec</strong></span> <span class='ocrx_word' id='word_1_337' title='bbox 595 2902 767 2974; x_wconf 85' lang='lat' dir='ltr'><strong>oportuerit,</strong></span> <span class='ocrx_word' id='word_1_338' title='bbox 783 2905 968 2961; x_wconf 87' lang='lat' dir='ltr'><strong>severitatem</strong></span> <span class='ocrx_word' id='word_1_339' title='bbox 1023 2904 1521 2983; x_wconf 83' lang='lat' dir='ltr'><strong>lunintelleximussvidenlerqood</strong></span> <span class='ocrx_word' id='word_1_340' title='bbox 1539 2910 1615 2970; x_wconf 86' lang='lat' dir='ltr'><strong>licet</strong></span> <span class='ocrx_word' id='word_1_341' title='bbox 1628 2913 1843 2975; x_wconf 84' lang='lat' dir='ltr'><strong>interteaccbs-</strong></span> 
     </span>
     <span class='ocr_line' id='line_1_42' title="bbox 144 2978 1842 3079; baseline 0.006 -27"><span class='ocrx_word' id='word_1_342' title='bbox 144 2978 970 3067; x_wconf 73' lang='lat' dir='ltr'><strong>disciplinaesecundumipsiusjnrisordinemincommu-</strong></span> <span class='ocrx_word' id='word_1_343' title='bbox 1022 2996 1842 3079; x_wconf 77' lang='lat' dir='ltr'><strong>rissirnunrint&#39;bristoliliomnnstrumPhilippnmEran-</strong></span> 
     </span>
     <span class='ocr_line' id='line_1_43' title="bbox 145 3080 1844 3165; baseline 0.006 -25"><span class='ocrx_word' id='word_1_344' title='bbox 145 3084 275 3142; x_wconf 83' lang='lat' dir='ltr'><strong>tabiliter</strong></span> <span class='ocrx_word' id='word_1_345' title='bbox 289 3082 451 3139; x_wconf 84' lang='lat' dir='ltr'><strong>observare.</strong></span> <span class='ocrx_word' id='word_1_346' title='bbox 475 3081 629 3149; x_wconf 82' lang='lat' dir='ltr'><strong>Ceterum,</strong></span> <span class='ocrx_word' id='word_1_347' title='bbox 659 3080 742 3137; x_wconf 86' lang='lat' dir='ltr'><strong>Pater</strong></span> <span class='ocrx_word' id='word_1_348' title='bbox 765 3082 963 3156; x_wconf 86' lang='lat' dir='ltr'><strong>sanctissime,</strong></span> <span class='ocrx_word' id='word_1_349' title='bbox 980 3092 1002 3160; x_wconf 69' lang='grc' dir='ltr'>ρ</span> <span class='ocrx_word' id='word_1_350' title='bbox 1021 3100 1120 3140; x_wconf 89' lang='lat' dir='ltr'><strong>corum</strong></span> <span class='ocrx_word' id='word_1_351' title='bbox 1130 3086 1844 3165; x_wconf 81' lang='lat' dir='ltr'><strong>regernillustremoccasionequorumdsmsreii·</strong></span> 
     </span>
     <span class='ocr_line' id='line_1_44' title="bbox 146 3169 1886 3256; baseline 0.006 -25"><span class='ocrx_word' id='word_1_352' title='bbox 146 3170 619 3248; x_wconf 82' lang='lat' dir='ltr'><strong>quamvisncsvehementissime</strong></span> <span class='ocrx_word' id='word_1_353' title='bbox 645 3169 798 3227; x_wconf 87' lang='lat' dir='ltr'><strong>credamus</strong></span> <span class='ocrx_word' id='word_1_354' title='bbox 823 3175 901 3243; x_wconf 90' lang='lat' dir='ltr'><strong>quod</strong></span> <span class='ocrx_word' id='word_1_355' title='bbox 930 3175 967 3230; x_wconf 84' lang='lat' dir='ltr'><strong>sd</strong></span> <span class='ocrx_word' id='word_1_356' title='bbox 1017 3172 1842 3256; x_wconf 71' lang='lat' dir='ltr'><strong>diceonntuumetpraebendarumquasquibusdamcle·</strong></span> <span class='ocrx_word' id='word_1_357' title='bbox 1884 3190 1886 3251; x_wconf 68' lang='lat' dir='ltr'>j</span> 
     </span>
     <span class='ocr_line' id='line_1_45' title="bbox 145 3261 1840 3341; baseline 0.006 -16"><span class='ocrx_word' id='word_1_358' title='bbox 145 3283 230 3325; x_wconf 89' lang='lat' dir='ltr'><strong>aures</strong></span> <span class='ocrx_word' id='word_1_359' title='bbox 245 3270 357 3322; x_wconf 86' lang='lat' dir='ltr'><strong>vestras</strong></span> <span class='ocrx_word' id='word_1_360' title='bbox 370 3262 676 3336; x_wconf 88' lang='lat' dir='ltr'><strong>jamdeveneritquod</strong></span> <span class='ocrx_word' id='word_1_361' title='bbox 690 3262 830 3319; x_wconf 86' lang='lat' dir='ltr'><strong>Dominus</strong></span> <span class='ocrx_word' id='word_1_362' title='bbox 840 3262 966 3321; x_wconf 84' lang='lat' dir='ltr'><strong>Hartwi-</strong></span> <span class='ocrx_word' id='word_1_363' title='bbox 1019 3261 1088 3321; x_wconf 90' lang='lat' dir='ltr'><strong>ricis</strong></span> <span class='ocrx_word' id='word_1_364' title='bbox 1102 3264 1180 3321; x_wconf 85' lang='lat' dir='ltr'><strong>idern</strong></span> <span class='ocrx_word' id='word_1_365' title='bbox 1200 3281 1260 3335; x_wconf 87' lang='lat' dir='ltr'><strong>rex,</strong></span> <span class='ocrx_word' id='word_1_366' title='bbox 1275 3266 1404 3324; x_wconf 88' lang='lat' dir='ltr'><strong>Ecclesls</strong></span> <span class='ocrx_word' id='word_1_367' title='bbox 1423 3272 1473 3325; x_wconf 87' lang='lat' dir='ltr'><strong>tua</strong></span> <span class='ocrx_word' id='word_1_368' title='bbox 1490 3276 1628 3339; x_wconf 82' lang='lat' dir='ltr'><strong>vacante,</strong></span> <span class='ocrx_word' id='word_1_369' title='bbox 1658 3280 1840 3341; x_wconf 79' lang='lat' dir='ltr'><strong>concesserat</strong></span> 
     </span>
     <span class='ocr_line' id='line_1_46' title="bbox 144 3352 1840 3437; baseline 0.004 -23"><span class='ocrx_word' id='word_1_370' title='bbox 144 3375 196 3414; x_wconf 93' lang='lat' dir='ltr'><strong>cus</strong></span> <span class='ocrx_word' id='word_1_371' title='bbox 212 3354 380 3413; x_wconf 85' lang='lat' dir='ltr'><strong>Bremensis</strong></span> <span class='ocrx_word' id='word_1_372' title='bbox 395 3352 529 3410; x_wconf 87' lang='lat' dir='ltr'><strong>Ecclesiae</strong></span> <span class='ocrx_word' id='word_1_373' title='bbox 541 3352 857 3425; x_wconf 88' lang='lat' dir='ltr'><strong>archiepiscopus,Deo</strong></span> <span class='ocrx_word' id='word_1_374' title='bbox 868 3354 967 3427; x_wconf 89' lang='lat' dir='ltr'><strong>ipsum</strong></span> <span class='ocrx_word' id='word_1_375' title='bbox 1018 3354 1171 3409; x_wconf 86' lang='lat' dir='ltr'><strong>emerserit</strong></span> <span class='ocrx_word' id='word_1_376' title='bbox 1181 3354 1339 3427; x_wconf 90' lang='lat' dir='ltr'><strong>scrupulus</strong></span> <span class='ocrx_word' id='word_1_377' title='bbox 1348 3357 1644 3429; x_wconf 72' lang='lat' dir='ltr'><strong>questioniseodem</strong></span> <span class='ocrx_word' id='word_1_378' title='bbox 1655 3367 1840 3437; x_wconf 82' lang='lat' dir='ltr'><strong>regefirmiter</strong></span> 
     </span>
     <span class='ocr_line' id='line_1_47' title="bbox 143 3440 1839 3526; baseline 0.004 -24"><span class='ocrx_word' id='word_1_379' title='bbox 143 3451 267 3503; x_wconf 87' lang='lat' dir='ltr'><strong>vocante</strong></span> <span class='ocrx_word' id='word_1_380' title='bbox 282 3441 438 3509; x_wconf 85' lang='lat' dir='ltr'><strong>demedio,</strong></span> <span class='ocrx_word' id='word_1_381' title='bbox 463 3442 525 3512; x_wconf 77' lang='lat' dir='ltr'><strong>J&#39;am</strong></span> <span class='ocrx_word' id='word_1_382' title='bbox 547 3440 647 3496; x_wconf 87' lang='lat' dir='ltr'><strong>debita</strong></span> <span class='ocrx_word' id='word_1_383' title='bbox 674 3441 773 3498; x_wconf 87' lang='lat' dir='ltr'><strong>cernis</strong></span> <span class='ocrx_word' id='word_1_384' title='bbox 799 3443 966 3512; x_wconf 85' lang='lat' dir='ltr'><strong>exsolverit,</strong></span> <span class='ocrx_word' id='word_1_385' title='bbox 1019 3442 1839 3526; x_wconf 77' lang='lat' dir='ltr'><strong>asserentedonationesprebendarumadse,ipsn1tecle</strong></span> 
     </span>
     <span class='ocr_line' id='line_1_48' title="bbox 144 3529 1837 3614; baseline 0.004 -22"><span class='ocrx_word' id='word_1_386' title='bbox 144 3538 275 3608; x_wconf 87' lang='lat' dir='ltr'><strong>idipsum</strong></span> <span class='ocrx_word' id='word_1_387' title='bbox 288 3529 966 3605; x_wconf 79' lang='lat' dir='ltr'><strong>tamenetnosvobisduximussignificenclum.</strong></span> <span class='ocrx_word' id='word_1_388' title='bbox 1019 3530 1205 3597; x_wconf 86' lang='lat' dir='ltr'><strong>sinvacante‚</strong></span> <span class='ocrx_word' id='word_1_389' title='bbox 1216 3536 1360 3604; x_wconf 89' lang='lat' dir='ltr'><strong>spectare,</strong></span> <span class='ocrx_word' id='word_1_390' title='bbox 1372 3533 1450 3591; x_wconf 87' lang='lat' dir='ltr'><strong>idern</strong></span> <span class='ocrx_word' id='word_1_391' title='bbox 1466 3538 1568 3593; x_wconf 88' lang='lat' dir='ltr'><strong>tamen</strong></span> <span class='ocrx_word' id='word_1_392' title='bbox 1587 3554 1644 3596; x_wconf 88' lang='lat' dir='ltr'><strong>rex</strong></span> <span class='ocrx_word' id='word_1_393' title='bbox 1665 3543 1837 3614; x_wconf 84' lang='lat' dir='ltr'><strong>postmodun</strong></span> 
     </span>
     <span class='ocr_line' id='line_1_49' title="bbox 145 3618 1836 3703; baseline 0.004 -22"><span class='ocrx_word' id='word_1_394' title='bbox 145 3626 260 3682; x_wconf 89' lang='lat' dir='ltr'><strong>Mortuo</strong></span> <span class='ocrx_word' id='word_1_395' title='bbox 274 3623 374 3694; x_wconf 86' lang='lat' dir='ltr'><strong>itaque</strong></span> <span class='ocrx_word' id='word_1_396' title='bbox 386 3620 528 3692; x_wconf 78' lang='lat' dir='ltr'><strong>iamdicto</strong></span> <span class='ocrx_word' id='word_1_397' title='bbox 539 3619 808 3694; x_wconf 89' lang='lat' dir='ltr'><strong>archiepiscop0,ne</strong></span> <span class='ocrx_word' id='word_1_398' title='bbox 822 3624 886 3697; x_wconf 91' lang='lat' dir='ltr'><strong>ipsa</strong></span> <span class='ocrx_word' id='word_1_399' title='bbox 896 3624 967 3680; x_wconf 84' lang='lat' dir='ltr'><strong>Ere·</strong></span> <span class='ocrx_word' id='word_1_400' title='bbox 1015 3618 1065 3691; x_wconf 82' lang='lat' dir='ltr'><strong>jus</strong></span> <span class='ocrx_word' id='word_1_401' title='bbox 1077 3623 1161 3675; x_wconf 87' lang='lat' dir='ltr'><strong>tuum</strong></span> <span class='ocrx_word' id='word_1_402' title='bbox 1173 3619 1374 3679; x_wconf 89' lang='lat' dir='ltr'><strong>etlibsrtatem</strong></span> <span class='ocrx_word' id='word_1_403' title='bbox 1386 3622 1836 3703; x_wconf 68' lang='lat' dir='ltr'><strong>Eccleslaereoognoscensregis</strong></span> 
     </span>
     <span class='ocr_line' id='line_1_50' title="bbox 145 3707 1830 3796; baseline 0.004 -27"><span class='ocrx_word' id='word_1_404' title='bbox 145 3714 257 3770; x_wconf 88' lang='lat' dir='ltr'><strong>mensis</strong></span> <span class='ocrx_word' id='word_1_405' title='bbox 271 3710 400 3768; x_wconf 83' lang='lat' dir='ltr'><strong>Ecclesia</strong></span> <span class='ocrx_word' id='word_1_406' title='bbox 414 3727 467 3767; x_wconf 89' lang='lat' dir='ltr'><strong>suo</strong></span> <span class='ocrx_word' id='word_1_407' title='bbox 483 3716 600 3785; x_wconf 81' lang='lat' dir='ltr'><strong>pastore</strong></span> <span class='ocrx_word' id='word_1_408' title='bbox 612 3712 777 3780; x_wconf 90' lang='lat' dir='ltr'><strong>orbats,diu</strong></span> <span class='ocrx_word' id='word_1_409' title='bbox 790 3710 832 3769; x_wconf 94' lang='lat' dir='ltr'><strong>sic</strong></span> <span class='ocrx_word' id='word_1_410' title='bbox 847 3712 966 3770; x_wconf 83' lang='lat' dir='ltr'><strong>viduata</strong></span> <span class='ocrx_word' id='word_1_411' title='bbox 1016 3707 1197 3781; x_wconf 81' lang='lat' dir='ltr'><strong>benignitate</strong></span> <span class='ocrx_word' id='word_1_412' title='bbox 1206 3711 1352 3769; x_wconf 88' lang='lat' dir='ltr'><strong>concessit</strong></span> <span class='ocrx_word' id='word_1_413' title='bbox 1360 3712 1681 3789; x_wconf 90' lang='lat' dir='ltr'><strong>utarchidinconatus,</strong></span> <span class='ocrx_word' id='word_1_414' title='bbox 1687 3724 1830 3796; x_wconf 78' lang='lat' dir='ltr'><strong>preberes</strong></span> 
     </span>
     <span class='ocr_line' id='line_1_51' title="bbox 142 3796 1832 3886; baseline 0.005 -28"><span class='ocrx_word' id='word_1_415' title='bbox 142 3803 329 3868; x_wconf 88' lang='lat' dir='ltr'><strong>consisteret,</strong></span> <span class='ocrx_word' id='word_1_416' title='bbox 345 3800 540 3873; x_wconf 91' lang='lat' dir='ltr'><strong>clerusipsios</strong></span> <span class='ocrx_word' id='word_1_417' title='bbox 553 3799 685 3856; x_wconf 79' lang='lat' dir='ltr'><strong>Ecclesia</strong></span> <span class='ocrx_word' id='word_1_418' title='bbox 701 3817 766 3856; x_wconf 91' lang='lat' dir='ltr'><strong>cum</strong></span> <span class='ocrx_word' id='word_1_419' title='bbox 782 3802 964 3859; x_wconf 88' lang='lat' dir='ltr'><strong>omnibusiis</strong></span> <span class='ocrx_word' id='word_1_420' title='bbox 1016 3814 1050 3854; x_wconf 91' lang='lat' dir='ltr'><strong>ac</strong></span> <span class='ocrx_word' id='word_1_421' title='bbox 1061 3796 1270 3856; x_wconf 88' lang='lat' dir='ltr'><strong>nliabenelieia</strong></span> <span class='ocrx_word' id='word_1_422' title='bbox 1284 3816 1348 3872; x_wconf 79' lang='lat' dir='ltr'><strong>quae</strong></span> <span class='ocrx_word' id='word_1_423' title='bbox 1362 3802 1471 3860; x_wconf 89' lang='lat' dir='ltr'><strong>ibidem</strong></span> <span class='ocrx_word' id='word_1_424' title='bbox 1482 3818 1589 3863; x_wconf 75' lang='lat' dir='ltr'><strong>vacam</strong></span> <span class='ocrx_word' id='word_1_425' title='bbox 1607 3812 1782 3886; x_wconf 79' lang='lat' dir='ltr'><strong>contigerit,</strong></span> <span class='ocrx_word' id='word_1_426' title='bbox 1797 3816 1832 3867; x_wconf 80' lang='lat' dir='ltr'><strong>ee·</strong></span> 
     </span>
     <span class='ocr_line' id='line_1_52' title="bbox 140 3886 1832 3966; baseline 0.007 -20"><span class='ocrx_word' id='word_1_427' title='bbox 140 3893 192 3964; x_wconf 89' lang='lat' dir='ltr'><strong>qui</strong></span> <span class='ocrx_word' id='word_1_428' title='bbox 207 3890 342 3947; x_wconf 91' lang='lat' dir='ltr'><strong>electioni</strong></span> <span class='ocrx_word' id='word_1_429' title='bbox 355 3889 446 3946; x_wconf 86' lang='lat' dir='ltr'><strong>loturi</strong></span> <span class='ocrx_word' id='word_1_430' title='bbox 461 3888 590 3962; x_wconf 89' lang='lat' dir='ltr'><strong>episcopi</strong></span> <span class='ocrx_word' id='word_1_431' title='bbox 606 3889 916 3947; x_wconf 88' lang='lat' dir='ltr'><strong>interessedebuersnt</strong></span> <span class='ocrx_word' id='word_1_432' title='bbox 926 3891 963 3946; x_wconf 89' lang='lat' dir='ltr'><strong>ad</strong></span> <span class='ocrx_word' id='word_1_433' title='bbox 1015 3886 1104 3943; x_wconf 90' lang='lat' dir='ltr'><strong>clesla</strong></span> <span class='ocrx_word' id='word_1_434' title='bbox 1119 3888 1319 3961; x_wconf 80' lang='lat' dir='ltr'><strong>lpsapasto&#39;ris</strong></span> <span class='ocrx_word' id='word_1_435' title='bbox 1330 3891 1425 3948; x_wconf 89' lang='lat' dir='ltr'><strong>ollicio</strong></span> <span class='ocrx_word' id='word_1_436' title='bbox 1440 3892 1594 3966; x_wconf 88' lang='lat' dir='ltr'><strong>destituta,</strong></span> <span class='ocrx_word' id='word_1_437' title='bbox 1612 3898 1771 3959; x_wconf 86' lang='lat' dir='ltr'><strong>donationi</strong></span> <span class='ocrx_word' id='word_1_438' title='bbox 1779 3901 1832 3958; x_wconf 82' lang='lat' dir='ltr'><strong>snb</strong></span> 
     </span>
     <span class='ocr_line' id='line_1_53' title="bbox 138 3974 1830 4061; baseline 0.006 -27"><span class='ocrx_word' id='word_1_439' title='bbox 138 3978 311 4035; x_wconf 90' lang='lat' dir='ltr'><strong>electionem</strong></span> <span class='ocrx_word' id='word_1_440' title='bbox 327 3979 537 4046; x_wconf 84' lang='lat' dir='ltr'><strong>consederunt;</strong></span> <span class='ocrx_word' id='word_1_441' title='bbox 555 3976 736 4032; x_wconf 88' lang='lat' dir='ltr'><strong>considerata</strong></span> <span class='ocrx_word' id='word_1_442' title='bbox 752 3993 869 4050; x_wconf 91' lang='lat' dir='ltr'><strong>quoque</strong></span> <span class='ocrx_word' id='word_1_443' title='bbox 881 3979 962 4049; x_wconf 88' lang='lat' dir='ltr'><strong>jam·</strong></span> <span class='ocrx_word' id='word_1_444' title='bbox 1013 3974 1155 4033; x_wconf 87' lang='lat' dir='ltr'><strong>stituendi</strong></span> <span class='ocrx_word' id='word_1_445' title='bbox 1167 3979 1314 4050; x_wconf 89' lang='lat' dir='ltr'><strong>pontilicis</strong></span> <span class='ocrx_word' id='word_1_446' title='bbox 1329 3979 1364 4037; x_wconf 90' lang='lat' dir='ltr'><strong>de</strong></span> <span class='ocrx_word' id='word_1_447' title='bbox 1380 3984 1483 4038; x_wconf 80' lang='lat' dir='ltr'><strong>caetero</strong></span> <span class='ocrx_word' id='word_1_448' title='bbox 1493 3994 1706 4061; x_wconf 84' lang='lat' dir='ltr'><strong>reserventur,</strong></span> <span class='ocrx_word' id='word_1_449' title='bbox 1718 3998 1830 4049; x_wconf 85' lang='lat' dir='ltr'><strong>statuens</strong></span> 
     </span>
     <span class='ocr_line' id='line_1_54' title="bbox 136 4062 1830 4150; baseline 0.006 -28"><span class='ocrx_word' id='word_1_450' title='bbox 136 4067 221 4124; x_wconf 85' lang='lat' dir='ltr'><strong>diotre</strong></span> <span class='ocrx_word' id='word_1_451' title='bbox 236 4067 369 4125; x_wconf 79' lang='lat' dir='ltr'><strong>Ecclesiae</strong></span> <span class='ocrx_word' id='word_1_452' title='bbox 386 4065 571 4132; x_wconf 86' lang='lat' dir='ltr'><strong>necessitate,</strong></span> <span class='ocrx_word' id='word_1_453' title='bbox 593 4063 770 4120; x_wconf 88' lang='lat' dir='ltr'><strong>unanimiter</strong></span> <span class='ocrx_word' id='word_1_454' title='bbox 785 4070 852 4121; x_wconf 90' lang='lat' dir='ltr'><strong>vota</strong></span> <span class='ocrx_word' id='word_1_455' title='bbox 866 4084 919 4122; x_wconf 89' lang='lat' dir='ltr'><strong>sua</strong></span> <span class='ocrx_word' id='word_1_456' title='bbox 931 4066 960 4123; x_wconf 89' lang='lat' dir='ltr'><strong>in</strong></span> <span class='ocrx_word' id='word_1_457' title='bbox 1013 4062 1207 4124; x_wconf 88' lang='lat' dir='ltr'><strong>nihilominus</strong></span> <span class='ocrx_word' id='word_1_458' title='bbox 1222 4072 1255 4124; x_wconf 90' lang='lat' dir='ltr'><strong>ut</strong></span> <span class='ocrx_word' id='word_1_459' title='bbox 1269 4068 1304 4125; x_wconf 89' lang='lat' dir='ltr'><strong>de</strong></span> <span class='ocrx_word' id='word_1_460' title='bbox 1324 4070 1474 4128; x_wconf 83' lang='lat' dir='ltr'><strong>beneficiis</strong></span> <span class='ocrx_word' id='word_1_461' title='bbox 1490 4088 1558 4145; x_wconf 79' lang='lat' dir='ltr'><strong>quae</strong></span> <span class='ocrx_word' id='word_1_462' title='bbox 1575 4092 1683 4150; x_wconf 79' lang='lat' dir='ltr'><strong>nuper</strong></span> <span class='ocrx_word' id='word_1_463' title='bbox 1705 4082 1772 4139; x_wconf 77' lang='lat' dir='ltr'><strong>sede</strong></span> <span class='ocrx_word' id='word_1_464' title='bbox 1793 4096 1830 4133; x_wconf 86' lang='lat' dir='ltr'><strong>ra·</strong></span> 
     </span>
     <span class='ocr_line' id='line_1_55' title="bbox 136 4151 1829 4238; baseline 0.009 -28"><span class='ocrx_word' id='word_1_465' title='bbox 136 4156 291 4213; x_wconf 89' lang='lat' dir='ltr'><strong>dominum</strong></span> <span class='ocrx_word' id='word_1_466' title='bbox 307 4155 526 4214; x_wconf 89' lang='lat' dir='ltr'><strong>Waldemarum</strong></span> <span class='ocrx_word' id='word_1_467' title='bbox 550 4151 758 4210; x_wconf 77' lang='lat' dir='ltr'><strong>slewicensem</strong></span> <span class='ocrx_word' id='word_1_468' title='bbox 787 4153 959 4227; x_wconf 88' lang='lat' dir='ltr'><strong>episcopum</strong></span> <span class='ocrx_word' id='word_1_469' title='bbox 1011 4160 1096 4211; x_wconf 89' lang='lat' dir='ltr'><strong>cante</strong></span> <span class='ocrx_word' id='word_1_470' title='bbox 1112 4162 1308 4225; x_wconf 88' lang='lat' dir='ltr'><strong>concesserat,</strong></span> <span class='ocrx_word' id='word_1_471' title='bbox 1323 4164 1404 4215; x_wconf 86' lang='lat' dir='ltr'><strong>tuam</strong></span> <span class='ocrx_word' id='word_1_472' title='bbox 1420 4160 1737 4238; x_wconf 84' lang='lat' dir='ltr'><strong>iacere-voluntatens.</strong></span> <span class='ocrx_word' id='word_1_473' title='bbox 1761 4169 1829 4227; x_wconf 82' lang='lat' dir='ltr'><strong>libtre</strong></span> 
     </span>
     <span class='ocr_line' id='line_1_56' title="bbox 132 4241 1828 4327; baseline 0.005 -27"><span class='ocrx_word' id='word_1_474' title='bbox 132 4245 348 4303; x_wconf 89' lang='lat' dir='ltr'><strong>transtulerunt</strong></span> <span class='ocrx_word' id='word_1_475' title='bbox 363 4244 506 4315; x_wconf 61' lang='lat' dir='ltr'><strong>tintcum</strong></span> <span class='ocrx_word' id='word_1_476' title='bbox 517 4241 742 4315; x_wconf 79' lang='lat' dir='ltr'><strong>igiturmutatio</strong></span> <span class='ocrx_word' id='word_1_477' title='bbox 753 4242 958 4316; x_wconf 86' lang='lat' dir='ltr'><strong>episcoporum</strong></span> <span class='ocrx_word' id='word_1_478' title='bbox 1011 4242 1175 4313; x_wconf 86' lang='lat' dir='ltr'><strong>profitendo</strong></span> <span class='ocrx_word' id='word_1_479' title='bbox 1190 4262 1221 4302; x_wconf 90' lang='lat' dir='ltr'><strong>se</strong></span> <span class='ocrx_word' id='word_1_480' title='bbox 1236 4246 1266 4303; x_wconf 92' lang='lat' dir='ltr'><strong>ln</strong></span> <span class='ocrx_word' id='word_1_481' title='bbox 1282 4248 1355 4320; x_wconf 89' lang='lat' dir='ltr'><strong>ipsis</strong></span> <span class='ocrx_word' id='word_1_482' title='bbox 1370 4248 1443 4305; x_wconf 90' lang='lat' dir='ltr'><strong>nihil</strong></span> <span class='ocrx_word' id='word_1_483' title='bbox 1455 4250 1534 4323; x_wconf 82' lang='lat' dir='ltr'><strong>juris</strong></span> <span class='ocrx_word' id='word_1_484' title='bbox 1551 4258 1685 4327; x_wconf 73' lang='lat' dir='ltr'><strong>penitus</strong></span> <span class='ocrx_word' id='word_1_485' title='bbox 1701 4260 1828 4317; x_wconf 61' lang='lat' dir='ltr'><strong>hebetas</strong></span> 
     </span>
     <span class='ocr_line' id='line_1_57' title="bbox 132 4332 1830 4424; baseline 0.009 -34"><span class='ocrx_word' id='word_1_486' title='bbox 132 4335 196 4391; x_wconf 90' lang='lat' dir='ltr'><strong>sine</strong></span> <span class='ocrx_word' id='word_1_487' title='bbox 211 4332 330 4408; x_wconf 90' lang='lat' dir='ltr'><strong>speciali</strong></span> <span class='ocrx_word' id='word_1_488' title='bbox 345 4332 463 4389; x_wconf 89' lang='lat' dir='ltr'><strong>licentia</strong></span> <span class='ocrx_word' id='word_1_489' title='bbox 477 4332 569 4403; x_wconf 91' lang='lat' dir='ltr'><strong>hujus</strong></span> <span class='ocrx_word' id='word_1_490' title='bbox 584 4335 692 4387; x_wconf 82' lang='lat' dir='ltr'><strong>sancte</strong></span> <span class='ocrx_word' id='word_1_491' title='bbox 708 4332 787 4389; x_wconf 90' lang='lat' dir='ltr'><strong>sedis</strong></span> <span class='ocrx_word' id='word_1_492' title='bbox 808 4332 870 4389; x_wconf 86' lang='lat' dir='ltr'><strong>lieri</strong></span> <span class='ocrx_word' id='word_1_493' title='bbox 899 4350 957 4389; x_wconf 92' lang='lat' dir='ltr'><strong>non</strong></span> <span class='ocrx_word' id='word_1_494' title='bbox 1008 4335 1213 4392; x_wconf 88' lang='lat' dir='ltr'><strong>Possessiones</strong></span> <span class='ocrx_word' id='word_1_495' title='bbox 1224 4335 1345 4409; x_wconf 90' lang='lat' dir='ltr'><strong>insuper</strong></span> <span class='ocrx_word' id='word_1_496' title='bbox 1355 4342 1383 4394; x_wconf 88' lang='lat' dir='ltr'><strong>et</strong></span> <span class='ocrx_word' id='word_1_497' title='bbox 1395 4340 1528 4411; x_wconf 82' lang='lat' dir='ltr'><strong>quedem</strong></span> <span class='ocrx_word' id='word_1_498' title='bbox 1542 4341 1605 4400; x_wconf 88' lang='lat' dir='ltr'><strong>alia</strong></span> <span class='ocrx_word' id='word_1_499' title='bbox 1618 4350 1687 4406; x_wconf 89' lang='lat' dir='ltr'><strong>tam</strong></span> <span class='ocrx_word' id='word_1_500' title='bbox 1699 4351 1830 4424; x_wconf 85' lang='lat' dir='ltr'><strong>tibiqutn</strong></span> 
     </span>
     <span class='ocr_line' id='line_1_58' title="bbox 131 4419 1830 4513; baseline 0.009 -34"><span class='ocrx_word' id='word_1_501' title='bbox 131 4424 246 4494; x_wconf 90' lang='lat' dir='ltr'><strong>debeat,</strong></span> <span class='ocrx_word' id='word_1_502' title='bbox 258 4428 287 4479; x_wconf 88' lang='lat' dir='ltr'><strong>et</strong></span> <span class='ocrx_word' id='word_1_503' title='bbox 300 4439 367 4478; x_wconf 89' lang='lat' dir='ltr'><strong>cum</strong></span> <span class='ocrx_word' id='word_1_504' title='bbox 384 4420 492 4493; x_wconf 87' lang='lat' dir='ltr'><strong>aliquis</strong></span> <span class='ocrx_word' id='word_1_505' title='bbox 501 4419 658 4493; x_wconf 90' lang='lat' dir='ltr'><strong>episcopus</strong></span> <span class='ocrx_word' id='word_1_506' title='bbox 670 4421 706 4477; x_wconf 88' lang='lat' dir='ltr'><strong>ab</strong></span> <span class='ocrx_word' id='word_1_507' title='bbox 718 4438 776 4476; x_wconf 89' lang='lat' dir='ltr'><strong>nna</strong></span> <span class='ocrx_word' id='word_1_508' title='bbox 786 4423 954 4481; x_wconf 84' lang='lat' dir='ltr'><strong>Ecclesiaad</strong></span> <span class='ocrx_word' id='word_1_509' title='bbox 969 4445 993 4511; x_wconf 74' lang='lat' dir='ltr'>D</span> <span class='ocrx_word' id='word_1_510' title='bbox 1010 4420 1071 4480; x_wconf 87' lang='lat' dir='ltr'><strong>tuis</strong></span> <span class='ocrx_word' id='word_1_511' title='bbox 1082 4425 1304 4483; x_wconf 90' lang='lat' dir='ltr'><strong>successoribus</strong></span> <span class='ocrx_word' id='word_1_512' title='bbox 1317 4426 1395 4484; x_wconf 90' lang='lat' dir='ltr'><strong>idem</strong></span> <span class='ocrx_word' id='word_1_513' title='bbox 1411 4444 1460 4486; x_wconf 86' lang='lat' dir='ltr'><strong>rex</strong></span> <span class='ocrx_word' id='word_1_514' title='bbox 1472 4432 1661 4495; x_wconf 86' lang='lat' dir='ltr'><strong>auctoritate</strong></span> <span class='ocrx_word' id='word_1_515' title='bbox 1676 4441 1758 4513; x_wconf 75' lang='lat' dir='ltr'><strong>regia</strong></span> <span class='ocrx_word' id='word_1_516' title='bbox 1774 4454 1830 4497; x_wconf 87' lang='lat' dir='ltr'><strong>een·</strong></span> 
     </span>
     <span class='ocr_line' id='line_1_59' title="bbox 130 4508 1828 4599; baseline 0.009 -32"><span class='ocrx_word' id='word_1_517' title='bbox 130 4509 217 4569; x_wconf 90' lang='lat' dir='ltr'><strong>aliam</strong></span> <span class='ocrx_word' id='word_1_518' title='bbox 234 4511 361 4567; x_wconf 89' lang='lat' dir='ltr'><strong>transire</strong></span> <span class='ocrx_word' id='word_1_519' title='bbox 376 4526 434 4565; x_wconf 92' lang='lat' dir='ltr'><strong>non</strong></span> <span class='ocrx_word' id='word_1_520' title='bbox 451 4509 547 4581; x_wconf 89' lang='lat' dir='ltr'><strong>possit</strong></span> <span class='ocrx_word' id='word_1_521' title='bbox 561 4510 624 4566; x_wconf 91' lang='lat' dir='ltr'><strong>sine</strong></span> <span class='ocrx_word' id='word_1_522' title='bbox 640 4514 739 4567; x_wconf 84' lang='lat' dir='ltr'><strong>vestra</strong></span> <span class='ocrx_word' id='word_1_523' title='bbox 753 4514 951 4570; x_wconf 89' lang='lat' dir='ltr'><strong>concessione.</strong></span> <span class='ocrx_word' id='word_1_524' title='bbox 1008 4508 1136 4567; x_wconf 83' lang='lat' dir='ltr'><strong>firmavit</strong></span> <span class='ocrx_word' id='word_1_525' title='bbox 1147 4511 1415 4583; x_wconf 80' lang='lat' dir='ltr'><strong>;sicutbscomnia</strong></span> <span class='ocrx_word' id='word_1_526' title='bbox 1426 4516 1455 4572; x_wconf 92' lang='lat' dir='ltr'><strong>in</strong></span> <span class='ocrx_word' id='word_1_527' title='bbox 1467 4515 1629 4593; x_wconf 79' lang='lat' dir='ltr'><strong>privilegio</strong></span> <span class='ocrx_word' id='word_1_528' title='bbox 1641 4526 1758 4597; x_wconf 74' lang='lat' dir='ltr'><strong>prelati</strong></span> <span class='ocrx_word' id='word_1_529' title='bbox 1769 4526 1828 4599; x_wconf 73' lang='lat' dir='ltr'><strong>reple</strong></span> 
     </span>
     <span class='ocr_line' id='line_1_60' title="bbox 127 4596 1827 4679; baseline 0.012 -24"><span class='ocrx_word' id='word_1_530' title='bbox 127 4600 313 4659; x_wconf 83' lang='lat' dir='ltr'><strong>sanctitatem</strong></span> <span class='ocrx_word' id='word_1_531' title='bbox 327 4606 453 4657; x_wconf 88' lang='lat' dir='ltr'><strong>vestram</strong></span> <span class='ocrx_word' id='word_1_532' title='bbox 470 4601 551 4657; x_wconf 90' lang='lat' dir='ltr'><strong>omni</strong></span> <span class='ocrx_word' id='word_1_533' title='bbox 566 4618 600 4658; x_wconf 89' lang='lat' dir='ltr'><strong>ea</strong></span> <span class='ocrx_word' id='word_1_534' title='bbox 614 4618 673 4676; x_wconf 89' lang='lat' dir='ltr'><strong>qua</strong></span> <span class='ocrx_word' id='word_1_535' title='bbox 688 4619 848 4675; x_wconf 88' lang='lat' dir='ltr'><strong>possumus</strong></span> <span class='ocrx_word' id='word_1_536' title='bbox 882 4605 951 4661; x_wconf 84' lang='lat' dir='ltr'><strong>alle·</strong></span> <span class='ocrx_word' id='word_1_537' title='bbox 1005 4596 1122 4669; x_wconf 86' lang='lat' dir='ltr'><strong>plenius</strong></span> <span class='ocrx_word' id='word_1_538' title='bbox 1137 4603 1339 4673; x_wconf 81' lang='lat' dir='ltr'><strong>perspeximus</strong></span> <span class='ocrx_word' id='word_1_539' title='bbox 1354 4604 1509 4675; x_wconf 90' lang='lat' dir='ltr'><strong>contineri,</strong></span> <span class='ocrx_word' id='word_1_540' title='bbox 1527 4608 1622 4679; x_wconf 87' lang='lat' dir='ltr'><strong>cujus</strong></span> <span class='ocrx_word' id='word_1_541' title='bbox 1648 4617 1783 4674; x_wconf 87' lang='lat' dir='ltr'><strong>tenorem</strong></span> <span class='ocrx_word' id='word_1_542' title='bbox 1802 4616 1827 4670; x_wconf 85' lang='lat' dir='ltr'><strong>lt</strong></span> 
     </span>
     <span class='ocr_line' id='line_1_61' title="bbox 125 4688 1826 4765; baseline 0.01 -21"><span class='ocrx_word' id='word_1_543' title='bbox 125 4689 223 4746; x_wconf 88' lang='lat' dir='ltr'><strong>ctione</strong></span> <span class='ocrx_word' id='word_1_544' title='bbox 234 4696 384 4763; x_wconf 81' lang='lat' dir='ltr'><strong>rogamus,</strong></span> <span class='ocrx_word' id='word_1_545' title='bbox 397 4695 428 4747; x_wconf 93' lang='lat' dir='ltr'><strong>ut</strong></span> <span class='ocrx_word' id='word_1_546' title='bbox 442 4707 493 4746; x_wconf 91' lang='lat' dir='ltr'><strong>vos</strong></span> <span class='ocrx_word' id='word_1_547' title='bbox 504 4690 707 4763; x_wconf 88' lang='lat' dir='ltr'><strong>principaliter</strong></span> <span class='ocrx_word' id='word_1_548' title='bbox 718 4694 947 4765; x_wconf 87' lang='lat' dir='ltr'><strong>propterDeum,</strong></span> <span class='ocrx_word' id='word_1_549' title='bbox 1003 4688 1091 4744; x_wconf 78' lang='lat' dir='ltr'><strong>verbo</strong></span> <span class='ocrx_word' id='word_1_550' title='bbox 1102 4690 1138 4745; x_wconf 85' lang='lat' dir='ltr'><strong>ad</strong></span> <span class='ocrx_word' id='word_1_551' title='bbox 1156 4690 1476 4764; x_wconf 80' lang='lat' dir='ltr'><strong>rcrburnp&#39;rsssntibus</strong></span> <span class='ocrx_word' id='word_1_552' title='bbox 1486 4693 1599 4755; x_wconf 90' lang='lat' dir='ltr'><strong>litteris</strong></span> <span class='ocrx_word' id='word_1_553' title='bbox 1608 4700 1826 4764; x_wconf 81' lang='lat' dir='ltr'><strong>duximusinse</strong></span> 
     </span>
     <span class='ocr_line' id='line_1_62' title="bbox 123 4778 1146 4855; baseline 0.001 -20"><span class='ocrx_word' id='word_1_554' title='bbox 123 4783 152 4835; x_wconf 89' lang='lat' dir='ltr'><strong>st</strong></span> <span class='ocrx_word' id='word_1_555' title='bbox 168 4778 275 4851; x_wconf 87' lang='lat' dir='ltr'><strong>siquid</strong></span> <span class='ocrx_word' id='word_1_556' title='bbox 287 4780 365 4854; x_wconf 85' lang='lat' dir='ltr'><strong>apud</strong></span> <span class='ocrx_word' id='word_1_557' title='bbox 380 4783 533 4854; x_wconf 82' lang='lat' dir='ltr'><strong>vospotast</strong></span> <span class='ocrx_word' id='word_1_558' title='bbox 543 4781 707 4852; x_wconf 77' lang='lat' dir='ltr'><strong>maiestatis</strong></span> <span class='ocrx_word' id='word_1_559' title='bbox 717 4782 824 4837; x_wconf 79' lang='lat' dir='ltr'><strong>nostre</strong></span> <span class='ocrx_word' id='word_1_560' title='bbox 835 4783 946 4855; x_wconf 89' lang='lat' dir='ltr'><strong>petitio,</strong></span> <span class='ocrx_word' id='word_1_561' title='bbox 1002 4778 1146 4836; x_wconf 90' lang='lat' dir='ltr'><strong>rendum:</strong></span> 
     </span>
     <span class='ocr_line' id='line_1_63' title="bbox 123 4867 1823 4943; baseline 0.006 -18"><span class='ocrx_word' id='word_1_562' title='bbox 123 4867 289 4926; x_wconf 90' lang='lat' dir='ltr'><strong>concedatis</strong></span> <span class='ocrx_word' id='word_1_563' title='bbox 305 4868 610 4942; x_wconf 84' lang='lat' dir='ltr'><strong>praelatoSlewicensi</strong></span> <span class='ocrx_word' id='word_1_564' title='bbox 629 4868 945 4943; x_wconf 89' lang='lat' dir='ltr'><strong>episcopoutipsead</strong></span> <span class='ocrx_word' id='word_1_565' title='bbox 1037 4890 1051 4918; x_wconf 91' lang='lat'>«</span> <span class='ocrx_word' id='word_1_566' title='bbox 1071 4867 1104 4923; x_wconf 94' lang='lat' dir='ltr'><strong>ln</strong></span> <span class='ocrx_word' id='word_1_567' title='bbox 1127 4869 1247 4927; x_wconf 88' lang='lat' dir='ltr'><strong>nemine</strong></span> <span class='ocrx_word' id='word_1_568' title='bbox 1276 4875 1385 4928; x_wconf 81' lang='lat' dir='ltr'><strong>sanctae</strong></span> <span class='ocrx_word' id='word_1_569' title='bbox 1414 4875 1443 4930; x_wconf 91' lang='lat' dir='ltr'><strong>et</strong></span> <span class='ocrx_word' id='word_1_570' title='bbox 1474 4872 1643 4937; x_wconf 77' lang='lat' dir='ltr'><strong>individuis</strong></span> <span class='ocrx_word' id='word_1_571' title='bbox 1672 4882 1823 4942; x_wconf 65' lang='lat' dir='ltr'><strong>Trinitas.</strong></span> 
     </span>
     <span class='ocr_line' id='line_1_64' title="bbox 121 4956 1732 5035; baseline 0.012 -22"><span class='ocrx_word' id='word_1_572' title='bbox 121 4957 312 5017; x_wconf 90' lang='lat' dir='ltr'><strong>Bremensem</strong></span> <span class='ocrx_word' id='word_1_573' title='bbox 329 4958 499 5028; x_wconf 88' lang='lat' dir='ltr'><strong>Ecclesiam,</strong></span> <span class='ocrx_word' id='word_1_574' title='bbox 515 4959 551 5016; x_wconf 91' lang='lat' dir='ltr'><strong>ad</strong></span> <span class='ocrx_word' id='word_1_575' title='bbox 567 4974 656 5031; x_wconf 90' lang='lat' dir='ltr'><strong>quam</strong></span> <span class='ocrx_word' id='word_1_576' title='bbox 672 4956 840 5031; x_wconf 84' lang='lat' dir='ltr'><strong>postulatus</strong></span> <span class='ocrx_word' id='word_1_577' title='bbox 851 4963 945 5034; x_wconf 90' lang='lat' dir='ltr'><strong>est,ds</strong></span> <span class='ocrx_word' id='word_1_578' title='bbox 998 4957 1102 5014; x_wconf 74' lang='lat' dir='ltr'><strong>Amen·</strong></span> <span class='ocrx_word' id='word_1_579' title='bbox 1113 4958 1270 5016; x_wconf 72' lang='lat' dir='ltr'><strong>Petaurus</strong></span> <span class='ocrx_word' id='word_1_580' title='bbox 1286 4958 1338 5016; x_wconf 88' lang='lat' dir='ltr'><strong>Del</strong></span> <span class='ocrx_word' id='word_1_581' title='bbox 1350 4961 1446 5035; x_wconf 84' lang='lat' dir='ltr'><strong>gratis</strong></span> <span class='ocrx_word' id='word_1_582' title='bbox 1461 4963 1650 5028; x_wconf 79' lang='lat' dir='ltr'><strong>Francorum</strong></span> <span class='ocrx_word' id='word_1_583' title='bbox 1666 4988 1732 5031; x_wconf 83' lang='lat' dir='ltr'><strong>rex.</strong></span> 
     </span>
    </p>

    <p class='ocr_par' dir='ltr' id='par_1_6' title="bbox 109 5046 1849 5505">
     <span class='ocr_line' id='line_1_65' title="bbox 117 5046 1821 5138; baseline 0.009 -35"><span class='ocrx_word' id='word_1_584' title='bbox 117 5046 941 5123; x_wconf 78' lang='lat' dir='ltr'><strong>gratinvestrnpossittransireelconcessione,etipsum</strong></span> <span class='ocrx_word' id='word_1_585' title='bbox 1033 5046 1821 5138; x_wconf 81' lang='lat' dir='ltr'><strong>Noverintuniversiprasentespariterettutoriqsel</strong></span> 
     </span>
     <span class='ocr_line' id='line_1_66' title="bbox 116 5134 1821 5215; baseline 0.012 -25"><span class='ocrx_word' id='word_1_586' title='bbox 116 5138 230 5195; x_wconf 79' lang='lat' dir='ltr'><strong>anobis</strong></span> <span class='ocrx_word' id='word_1_587' title='bbox 247 5140 453 5196; x_wconf 87' lang='lat' dir='ltr'><strong>conlirmeturn</strong></span> <span class='ocrx_word' id='word_1_588' title='bbox 471 5141 499 5194; x_wconf 90' lang='lat' dir='ltr'><strong>et</strong></span> <span class='ocrx_word' id='word_1_589' title='bbox 514 5136 682 5209; x_wconf 85' lang='lat' dir='ltr'><strong>expeditum</strong></span> <span class='ocrx_word' id='word_1_590' title='bbox 699 5137 734 5192; x_wconf 90' lang='lat' dir='ltr'><strong>de</strong></span> <span class='ocrx_word' id='word_1_591' title='bbox 749 5137 786 5194; x_wconf 91' lang='lat' dir='ltr'><strong>iis</strong></span> <span class='ocrx_word' id='word_1_592' title='bbox 802 5140 941 5199; x_wconf 89' lang='lat' dir='ltr'><strong>omnibus</strong></span> <span class='ocrx_word' id='word_1_593' title='bbox 996 5134 1190 5193; x_wconf 69' lang='lat' dir='ltr'><strong>charissimus</strong></span> <span class='ocrx_word' id='word_1_594' title='bbox 1212 5140 1362 5211; x_wconf 88' lang='lat' dir='ltr'><strong>quendam</strong></span> <span class='ocrx_word' id='word_1_595' title='bbox 1391 5141 1506 5215; x_wconf 81' lang='lat' dir='ltr'><strong>genitor</strong></span> <span class='ocrx_word' id='word_1_596' title='bbox 1530 5148 1640 5205; x_wconf 87' lang='lat' dir='ltr'><strong>noster</strong></span> <span class='ocrx_word' id='word_1_597' title='bbox 1667 5150 1821 5212; x_wconf 74' lang='lat' dir='ltr'><strong>Ludorient</strong></span> 
     </span>
     <span class='ocr_line' id='line_1_67' title="bbox 114 5224 1820 5317; baseline 0.01 -37"><span class='ocrx_word' id='word_1_598' title='bbox 114 5242 178 5297; x_wconf 80' lang='lat' dir='ltr'><strong>qus</strong></span> <span class='ocrx_word' id='word_1_599' title='bbox 195 5228 229 5282; x_wconf 91' lang='lat' dir='ltr'><strong>ad</strong></span> <span class='ocrx_word' id='word_1_600' title='bbox 247 5232 376 5284; x_wconf 86' lang='lat' dir='ltr'><strong>vestram</strong></span> <span class='ocrx_word' id='word_1_601' title='bbox 393 5226 539 5298; x_wconf 90' lang='lat' dir='ltr'><strong>pertinent</strong></span> <span class='ocrx_word' id='word_1_602' title='bbox 554 5224 753 5295; x_wconf 89' lang='lat' dir='ltr'><strong>sanctitatem,</strong></span> <span class='ocrx_word' id='word_1_603' title='bbox 780 5227 836 5299; x_wconf 88' lang='lat' dir='ltr'><strong>ipsi</strong></span> <span class='ocrx_word' id='word_1_604' title='bbox 871 5229 939 5286; x_wconf 88' lang='lat' dir='ltr'><strong>Bre·</strong></span> <span class='ocrx_word' id='word_1_605' title='bbox 993 5225 1128 5283; x_wconf 77' lang='lat' dir='ltr'><strong>Malthen</strong></span> <span class='ocrx_word' id='word_1_606' title='bbox 1144 5230 1214 5283; x_wconf 84' lang='lat' dir='ltr'><strong>tunc</strong></span> <span class='ocrx_word' id='word_1_607' title='bbox 1228 5229 1371 5301; x_wconf 86' lang='lat' dir='ltr'><strong>temporis</strong></span> <span class='ocrx_word' id='word_1_608' title='bbox 1385 5231 1521 5289; x_wconf 84' lang='lat' dir='ltr'><strong>Trecensi</strong></span> <span class='ocrx_word' id='word_1_609' title='bbox 1537 5234 1687 5312; x_wconf 85' lang='lat' dir='ltr'><strong>episcopo</strong></span> <span class='ocrx_word' id='word_1_610' title='bbox 1713 5245 1820 5317; x_wconf 80' lang='lat' dir='ltr'><strong>ejusque</strong></span> 
     </span>
     <span class='ocr_line' id='line_1_68' title="bbox 111 5315 1849 5408; baseline 0.009 -39"><span class='ocrx_word' id='word_1_611' title='bbox 111 5315 206 5371; x_wconf 88' lang='lat' dir='ltr'><strong>mensi</strong></span> <span class='ocrx_word' id='word_1_612' title='bbox 222 5317 353 5373; x_wconf 80' lang='lat' dir='ltr'><strong>ecclesias</strong></span> <span class='ocrx_word' id='word_1_613' title='bbox 381 5315 551 5383; x_wconf 89' lang='lat' dir='ltr'><strong>remittatis,</strong></span> <span class='ocrx_word' id='word_1_614' title='bbox 582 5320 744 5386; x_wconf 84' lang='lat' dir='ltr'><strong>temperata</strong></span> <span class='ocrx_word' id='word_1_615' title='bbox 768 5317 845 5376; x_wconf 90' lang='lat' dir='ltr'><strong>circa</strong></span> <span class='ocrx_word' id='word_1_616' title='bbox 869 5336 936 5376; x_wconf 81' lang='lat' dir='ltr'><strong>euin</strong></span> <span class='ocrx_word' id='word_1_617' title='bbox 992 5316 1283 5389; x_wconf 79' lang='lat' dir='ltr'><strong>successoribusque</strong></span> <span class='ocrx_word' id='word_1_618' title='bbox 1294 5320 1601 5383; x_wconf 87' lang='lat' dir='ltr'><strong>subterannexasunt</strong></span> <span class='ocrx_word' id='word_1_619' title='bbox 1612 5328 1818 5408; x_wconf 80' lang='lat' dir='ltr'><strong>inperpetuum</strong></span> <span class='ocrx_word' id='word_1_620' title='bbox 1844 5350 1849 5385; x_wconf 79' lang='lat' dir='ltr'><strong>r</strong></span> 
     </span>
     <span class='ocr_line' id='line_1_69' title="bbox 109 5400 1817 5495; baseline 0.012 -40"><span class='ocrx_word' id='word_1_621' title='bbox 109 5400 524 5474; x_wconf 86' lang='lat' dir='ltr'><strong>misericorditersopradictee</strong></span> <span class='ocrx_word' id='word_1_622' title='bbox 536 5402 756 5460; x_wconf 90' lang='lat' dir='ltr'><strong>constitutionis</strong></span> <span class='ocrx_word' id='word_1_623' title='bbox 767 5404 933 5477; x_wconf 89' lang='lat' dir='ltr'><strong>disciplina.</strong></span> <span class='ocrx_word' id='word_1_624' title='bbox 990 5404 1136 5461; x_wconf 90' lang='lat' dir='ltr'><strong>concessit</strong></span> <span class='ocrx_word' id='word_1_625' title='bbox 1150 5410 1179 5461; x_wconf 89' lang='lat' dir='ltr'><strong>et</strong></span> <span class='ocrx_word' id='word_1_626' title='bbox 1193 5408 1389 5478; x_wconf 79' lang='lat' dir='ltr'><strong>confirmarit,</strong></span> <span class='ocrx_word' id='word_1_627' title='bbox 1406 5411 1544 5470; x_wconf 88' lang='lat' dir='ltr'><strong>videlicet</strong></span> <span class='ocrx_word' id='word_1_628' title='bbox 1558 5413 1668 5477; x_wconf 87' lang='lat' dir='ltr'><strong>villam</strong></span> <span class='ocrx_word' id='word_1_629' title='bbox 1682 5422 1817 5495; x_wconf 75' lang='lat' dir='ltr'><strong>pandici·</strong></span> 
     </span>
    </p>
   </div>
   <div class='ocr_carea' id='block_1_4' title="bbox 144 5577 566 5649">
    <p class='ocr_par' dir='ltr' id='par_1_7' title="bbox 144 5577 566 5649">
     <span class='ocr_line' id='line_1_70' title="bbox 144 5577 566 5649; baseline 0.007 -18"><span class='ocrx_word' id='word_1_630' title='bbox 144 5579 199 5649; x_wconf 75' lang='lat' dir='ltr'><strong>(ss)</strong></span> <span class='ocrx_word' id='word_1_631' title='bbox 214 5578 282 5635; x_wconf 81' lang='lat' dir='ltr'><strong>Vide</strong></span> <span class='ocrx_word' id='word_1_632' title='bbox 298 5594 387 5649; x_wconf 85' lang='lat' dir='ltr'><strong>snpra</strong></span> <span class='ocrx_word' id='word_1_633' title='bbox 401 5577 486 5649; x_wconf 89' lang='lat' dir='ltr'><strong>epist.</strong></span> <span class='ocrx_word' id='word_1_634' title='bbox 502 5579 566 5634; x_wconf 79' lang='lat'>209.</span> 
     </span>
    </p>
   </div>
   <div class='ocr_carea' id='block_1_5' title="bbox 0 0 1894 6000">
    <p class='ocr_par' dir='ltr' id='par_1_8' title="bbox 0 0 1894 6000">
     <span class='ocr_line' id='line_1_71' title="bbox 0 0 1894 6000; baseline 0 10"><span class='ocrx_word' id='word_1_635' title='bbox 0 0 1894 6000; x_wconf 95' lang='lat' dir='ltr'><strong> </strong></span> 
     </span>
    </p>
   </div>
  </div>
 </body>
</html>
