3780 6000
82 229 160 286 1085
587 238 845 295 mustulentus
864 236 966 293 surio
984 240 1032 303 IX,
1052 240 1196 297 CHRISTI
1216 240 1295 297 1206.
1724 232 1795 297 1080

120 360 227 413 Datum
240 360 350 428 Roma,
366 360 445 430 opud
468 364 608 417 &uotum
633 362 764 430 Petrum,
781 363 911 419 secundo
927 363 952 427 Α
967 361 1047 418 aliud
1065 366 1218 436 probatum
1236 382 1292 423 non
1311 366 1397 422 fuerit
1411 370 1514 422 centra
1530 365 1796 438 ipsumooooireu,

82 446 233 503 Kalendas
249 447 410 520 Februarii,
426 466 500 505 enno
516 466 604 507 none.
970 452 1141 509 fraternitati
1159 460 1217 511 ture
1233 472 1285 527 per
1299 455 1461 527 apostolica
1475 455 1585 528 scripta
1605 454 1792 525 mandamus,

452 538 554 597 CGbV.
969 544 1154 612 quatenus,si
1167 543 1307 600 diaconus
1318 545 1380 616 ipse
1392 544 1508 616 publice
1523 543 1610 599 tuerit
1624 542 1795 614 hujusmodl

288 666 342 684 .....
359 644 468 683 rursusi
483 644 616 685 reiecero
630 630 719 703 (000).
970 634 1039 686 uota
1068 648 1232 705 respersos,
1247 638 1275 689 et
1291 633 1327 688 dc
1341 633 1406 704 ipsa
1431 633 1561 705 legitime
1583 632 1636 687 tibi
1661 638 1795 689 constare

223 719 255 774 tlt
270 719 301 773 P.
318 717 524 774 subdiaconum
535 720 675 776 obsefoant
689 736 708 775 o
721 726 790 778 coto.
970 736 1026 775 non
1042 723 1160 792 poterit,
1175 722 1349 796 purgatione
1364 723 1401 779 ab
1416 722 1481 795 ipso
1494 725 1619 794 recepta,
1635 722 1795 778 dommodo

196 807 290 878 (ltpud
306 811 334 862 a.
350 806 478 863 Petrum.
495 824 533 862 vn
551 808 619 864 fdus
635 809 811 884 Februarii.)
970 808 1049 865 aliud
1073 812 1248 867 canonicum
1265 828 1322 869 non
1339 812 1473 881 obsistat,
1488 813 1586 884 ipsum
1602 827 1660 867 non
1676 811 1796 869 difleras

122 894 165 949 Ad
182 893 374 965 apostolicum
391 896 491 951 sedem
508 896 651 952 accedens
675 898 803 955 dilectus
826 898 916 966 filius,
969 900 1792 973 propterlrooadsacerdctiaoftleiuarpromovereqnia,

87 982 235 1039 Henricus
263 985 298 1039 de
317 983 463 1053 Wiceton,
479 984 689 1056 subdiaconus,
704 987 917 1046 Lincotniensis
969 986 1037 1044 licet
1053 1004 1109 1045 non
1126 990 1164 1046 sit
1179 994 1249 1046 nota
1263 990 1374 1057 delicti,
1390 995 1547 1046 esttamen
1569 993 1638 1045 nota
1663 988 1794 1046 defectus

84 1075 259 1141 dioeceseua,
273 1074 378 1130 humili
402 1075 489 1130 nobis
516 1075 718 1132 insinuatione
731 1081 915 1143 monstrauit,
969 1076 1158 1149 impedientis
1173 1080 1209 1135 ad
1225 1096 1324 1136 sacros
1339 1079 1457 1135 ordines
1474 1077 1648 1151 promoveri.

86 1165 182 1236 quod,
199 1181 267 1219 cum
284 1162 367 1234 olim,
384 1164 479 1236 magis
494 1165 531 1220 cb
547 1164 915 1225 ditectionemetfavorem
1004 1167 1109 1222 Datum
1125 1172 1233 1240 Itomae,
1249 1171 1326 1242 apud
1342 1169 1485 1225 Sanctum
1510 1167 1640 1234 Petrum,
1655 1182 1707 1222 vm
1722 1167 1793 1224 idus

86 1252 206 1326 inclytae
222 1253 431 1310 recordationis
452 1254 585 1311 Riccardi
611 1256 688 1329 rogis
712 1256 815 1328 patris,
830 1258 916 1329 cujus
968 1258 1129 1330 Februarii,
1146 1278 1223 1317 anno
1241 1278 1328 1318 nono.

86 1350 157 1399 tunc
171 1342 298 1400 clericus
313 1345 546 1412 existebat,cum
563 1345 641 1401 idam
657 1362 706 1402 rex
722 1346 776 1401 iter
791 1347 916 1419 peregri·
1316 1365 1444 1423 gggvg,

88 1433 218 1489 stationis
235 1433 373 1507 arripuit,
385 1450 472 1504 quam
488 1451 524 1489 ex
539 1433 593 1490 alin
608 1435 768 1498 devotione,
778 1452 915 1509 suscepe·
1213 1472 1351 1512 mmm
1368 1471 1542 1511 mmm,

88 1520 914 1597 01181000010100181101000010181011010090110θῦ0»
968 1544 1110 1600 fateretur
1139 1545 1267 1616 quadam
1295 1544 1440 1601 ordinatio
1463 1545 1540 1613 fricta
1555 1542 1584 1597 in
1600 1541 1716 1599 ecclesia
1743 1558 1793 1599 sao

88 1627 153 1682 qua
169 1612 328 1668 casualiter
341 1618 535 1682 emerserunt,
548 1621 645 1669 votum
654 1615 797 1671 emissum
806 1623 916 1671 nonest
1265 1631 1316 1687 per
1330 1615 1491 1688 capitutum.

88 1699 233 1757 hactenus
257 1709 440 1773 prosecutos,
457 1719 546 1768 nunc,
561 1706 712 1759 senectute
736 1709 952 1793 praeventus,B
1073 1704 1166 1777 (Apud
1183 1706 1212 1760 S.
1230 1705 1356 1770 Petrum,
1373 1721 1412 1759 vrr
1428 1704 1497 1758 idus
1512 1702 1683 1773 Februarii.)

87 1790 174 1860 eujus
189 1790 309 1862 signum
325 1791 414 1848 facies
429 1807 563 1862 respersu
578 1809 685 1848 canum
701 1793 835 1850 albedine
849 1810 912 1867 pro·
1005 1792 1066 1850 Nisi
1083 1800 1183 1850 essent
1198 1794 1250 1848 viri
1268 1793 1380 1865 providi
1394 1797 1424 1848 et
1438 1791 1564 1857 bonesti,
1576 1795 1636 1846 tum
1651 1791 1730 1862 liqui
1746 1808 1792 1847 or-

86 1879 198 1947 frtetur,
208 1880 366 1946 tentabant,
377 1885 408 1935 ut
421 1880 535 1946 asserit,
553 1881 700 1938 invalidus
711 1883 747 1938 ad
758 1884 912 1939 cumdum.
968 1882 1148 1939 dicationem
1165 1884 1303 1952 lecerunt,
1320 1897 1409 1954 quam
1424 1879 1466 1937 illi
1480 1882 1558 1937 eirca
1572 1897 1645 1952 quos
1661 1881 1737 1937 facta
1748 1884 1795 1937 est

85 1967 181 2035 Unde,
195 1968 275 2039 quia,
293 1969 316 2023 ai
334 1974 487 2040 cogeretur
501 1970 647 2041 impotens
662 1972 691 2026 iu
707 1971 914 2046 Hierosolymi·
968 1971 1112 2029 ordinatio
1124 1974 1152 2028 in
1164 1973 1287 2029 ecclesia
1298 1976 1493 2042 vestraauper
1504 1969 1620 2040 negotio
1635 1969 1795 2042 prioratus,

87 2059 186 2113 tanam
202 2057 382 2129 provinciam
398 2058 600 2125 transfretare,
614 2059 762 2130 provenire
772 2059 828 2115 sibi
840 2060 914 2132 peri-
968 2062 1181 2119 ordinationem
1197 2062 1278 2117 illem
1294 2061 1377 2117 valde
1392 2065 1562 2133 suspectam
1573 2064 1796 2132 proptcrexem-

86 2144 187 2201 colum
204 2146 393 2212 formidabat,
407 2152 438 2201 et
457 2150 541 2202 terras
557 2151 664 2202 sancta
677 2148 843 2203 subsidium
859 2149 913 2204 sii·
969 2155 1008 2227 pli
1026 2153 1182 2225 perniciem
1199 2152 1386 2209 haberemus.
1399 2152 1479 2218 Quod
1490 2167 1559 2222 ergo
1571 2153 1635 2221 post
1646 2154 1795 2205 concerta·

86 2235 165 2305 quod
183 2235 320 2291 accedere
335 2252 392 2290 non
410 2235 556 2302 credebar,
571 2235 658 2291 uobis
674 2235 827 2292 humiliter
840 2255 912 2311 sup·
967 2243 1077 2298 tionem
1093 2242 1238 2297 diutinam
1250 2242 1417 2297 ordinatum
1431 2240 1664 2295 estcircaunum
1678 2237 1793 2293 deduo·

88 2323 218 2395 plicavit,
234 2329 266 2379 ut
280 2324 378 2395 ipsum
395 2323 524 2380 alabore
539 2325 783 2396 peregrinationis
800 2327 913 2384 iniseri·
968 2332 1024 2387 bus
1035 2329 1146 2400 electis,
1158 2336 1192 2386 ut
1203 2331 1265 2403 ipsc
1279 2330 1387 2386 habeat
1402 2329 1575 2401 prioratum,
1587 2326 1686 2383 hocex
1695 2325 1793 2396 juris-

86 2413 214 2468 corditer
229 2411 379 2469 absolvere
389 2413 592 2485 dignaremur,
608 2414 745 2481 maxime,
760 2430 827 2470 oum
844 2415 915 2473 velit
969 2419 1095 2476 dictione
1111 2420 1245 2492 delegata
1260 2420 1423 2475 secundum
1438 2416 1586 2488 justitiam
1599 2416 1794 2472 videturesse

87 2503 252 2559 secundum
268 2502 423 2559 facultates
439 2518 510 2559 suas
525 2503 556 2558 in
573 2507 681 2559 terram
696 2508 828 2561 sanctam
843 2522 914 2561 con·
968 2508 1207 2574 statutum-Quod
1220 2512 1316 2563 autem
1328 2506 1496 2562 ordinatum
1508 2510 1552 2561 est
1563 2504 1793 2577 circereliquum

85 2607 196 2662 gruum
206 2591 371 2647 subsidium
381 2592 527 2649 destinare
539 2609 591 2664 per
601 2593 739 2648 terminos
750 2599 914 2665 competen·
968 2603 1001 2653 nt
1015 2599 1078 2669 ipse
1094 2596 1196 2668 viginti
1212 2596 1304 2652 libras
1320 2597 1355 2651 de
1370 2593 1716 2666 proventibosprioratas
1727 2608 1794 2665 per-

84 2686 141 2749 tas,
154 2681 344 2751 promittens,
355 2683 433 2753 quod
451 2683 480 2737 in
499 2682 572 2738 festo
588 2683 667 2738 besti
681 2678 805 2739 Joanni's
815 2684 914 2756 Bapti-
968 2686 1057 2757 cipiet
1072 2685 1236 2754 annuatim,
1247 2684 1303 2739 bne
1314 2684 1476 2740 secandum
1486 2682 1700 2755 providentiam
1711 2681 1794 2738 intel·

84 2774 137 2826 atas
151 2770 283 2841 proximo
294 2779 416 2827 venturo
432 2770 534 2843 viginti
550 2776 580 2827 et
595 2771 727 2843 quinque
742 2788 869 2839 marcas,
884 2777 914 2830 at
967 2774 1069 2848 ligitur
1082 2778 1332 2846 esseprasccptum
1343 2770 1541 2828 exorbitrarin
1556 2775 1709 2842 potestate,
1726 2786 1794 2827 cum

83 2864 300 2930 cousequenter
315 2859 345 2915 in
363 2861 435 2916 festo
451 2860 913 2933 resurrectionisDominiviginti
968 2865 997 2920 in
1014 2864 1161 2936 delegatos
1179 2863 1266 2918 fuerit
1281 2860 1541 2933 compromissum,
1557 2859 1621 2930 qni,
1636 2859 1796 2917 auetorita-

83 2952 113 3004 et
127 2947 258 3020 quinque
273 2947 376 3014 libras,
392 2965 425 3005 ao
443 2950 631 3021 postmodum
653 2949 869 3020 subsequenter
882 2951 913 3006 iu
967 2958 1026 3009 tem
1042 2952 1098 3008 sibi
1114 2952 1267 3009 retinendo
1291 2949 1493 3016 commissam,
1507 2964 1539 3005 se
1553 2962 1605 3020 pra
1622 2949 1698 3004 bono
1713 2948 1794 3020 pacis

83 3039 186 3094 eodem
210 3038 292 3104 festo,
309 3054 387 3093 anno
411 3039 551 3106 revoluto,
567 3038 670 3110 viginti
686 3043 715 3093 et
729 3039 861 3112 quinque
875 3038 912 3095 fi·
968 3046 997 3097 ct
1007 3040 1143 3097 utilitatis
1158 3040 1219 3096 berc
1235 3039 1389 3095 ordinasse
1404 3039 1542 3094 fatentur.
1555 3036 1627 3102 Quia
1637 3036 1794 3108 igiturbaee

86 3128 155 3183 bras
163 3126 382 3199 sterlingorum,
394 3142 446 3197 pro
456 3131 538 3183 terra
549 3133 656 3183 sancta
667 3127 798 3183 subsidio
809 3129 838 3183 in
854 3130 912 3183 An·
928 3090 953 3159 ⁰
969 3131 1116 3187 ordinatio
1131 3131 1167 3186 sb
1180 3129 1319 3185 omnibns
1334 3132 1378 3184 est
1394 3125 1795 3200 recepta,possuntqnelteite

87 3214 158 3287 glis,
175 3215 220 3270 cui
237 3215 427 3286 voluerimus,
440 3215 613 3286 assignabit.
630 3215 688 3271 Nos
706 3216 807 3288 igitur,
824 3221 916 3273 atten-
969 3216 1259 3291 prioretcapitnlum
1272 3217 1307 3272 de
1320 3215 1511 3288 proventibus
1527 3215 1794 3286 suisproptercau-

89 3304 192 3360 dentes
208 3303 420 3375 impedimento
435 3306 648 3376 praescriptam
658 3304 786 3360 volentes
798 3322 916 3378 parcere
969 3324 1019 3365 sas
1029 3307 1193 3381 praedictas,
1204 3322 1262 3361 non
1271 3305 1389 3377 quidem
1402 3320 1436 3360 ex
1449 3303 1582 3376 pactione
1593 3301 1732 3375 partium,
1742 3301 1793 3358 sed

90 3393 243 3451 laboribus
257 3393 416 3450 senectutis
429 3393 534 3465 ipsius,
548 3410 615 3449 cum
630 3394 733 3449 utilius
748 3395 846 3451 ibrsan
862 3401 916 3452 [to-
969 3410 1003 3452 ex
1011 3395 1298 3469 )useionejudicum,
1311 3393 1507 3466 provisionem
1524 3391 1696 3463 hujusmodl
1711 3389 1795 3446 exhi·

93 3482 175 3539 mino
189 3499 241 3538 suo
255 3482 349 3538 valeat
364 3483 488 3555 obsequi
503 3483 641 3551 Creatori,
659 3482 835 3539 fraternitati
858 3490 915 3541 toas
969 3486 1047 3556 berc,
1064 3500 1117 3541 nos
1132 3500 1195 3540 eam
1211 3484 1266 3540 boc
1281 3481 1380 3539 habito
1397 3481 1597 3538 moderamine
1622 3479 1793 3548 toleramus,

92 3588 144 3643 per
158 3571 318 3643 apostoliea
332 3571 443 3644 scripta
459 3571 645 3638 mandamus,
655 3577 800 3644 quatenus
811 3572 916 3644 prndi-
969 3580 1001 3629 ut
1017 3573 1052 3629 sd
1071 3573 1284 3647 praefationem
1300 3570 1496 3643 quadraginta
1510 3569 1653 3626 fibrarum
1672 3582 1728 3623 non
1746 3568 1793 3622 di·

91 3666 172 3716 ctum
188 3661 400 3717 subdiaconum
415 3660 451 3717 ab
465 3660 635 3731 huiusmodi
651 3663 728 3728 voto,
742 3662 916 3720 arroteritate
969 3663 1067 3736 gaitsa
1091 3662 1249 3734 prioratus,
1266 3662 1317 3717 sed
1334 3676 1458 3733 persona
1472 3658 1579 3732 prioris
1594 3659 1711 3713 maneat
1725 3670 1794 3714 one·

91 3754 193 3805 nostra
207 3748 357 3820 suffultus,
368 3748 513 3819 absolvas,
525 3749 607 3822 prins
620 3754 717 3806 tamen
731 3752 766 3807 sb
778 3752 842 3823 ipso
853 3753 917 3807 suf-
968 3757 1042 3821 rata,
1059 3767 1095 3807 ne
1110 3751 1183 3806 forte
1197 3751 1241 3806 vel
1257 3750 1335 3805 circa
1356 3753 1518 3821 proventus
1541 3748 1640 3820 aliqua
1659 3746 1794 3802 videatur

90 3839 201 3895 delenti
217 3840 352 3895 cautione
367 3844 495 3913 recepta,
511 3840 589 3911 quod
607 3839 830 3896 subventionem
844 3858 915 3912 pra·
968 3842 1046 3897 facta
1060 3840 1149 3897 sectio
1165 3839 1323 3913 prioratus,
1335 3839 1376 3894 ita
1400 3838 1488 3910 quod,
1500 3837 1562 3908 ipso
1578 3835 1673 3908 priore
1688 3836 1795 3891 defun·

89 3928 199 3984 dictam
210 3946 263 4002 pro
272 3934 351 3985 terra
367 3935 471 3985 sancta
491 3928 597 3985 dilecto
619 3929 836 3996 filio,fratri.....
852 3944 915 3987 ma·
967 3936 1023 3999 cto,
1035 3944 1191 3986 successor
1203 3926 1299 4001 ipsius
1314 3929 1348 3983 sd
1366 3926 1581 4001 praestationem
1598 3922 1794 3998 quadraginta

88 4017 182 4088 gistro
198 4017 719 4090 domusTemplibondonicnsts,psr
730 4018 915 4089 praescriptos
967 4019 1109 4077 librarum
1126 4018 1248 4075 minime
1263 4022 1408 4074 teneatur.

87 4108 234 4167 terminos
261 4108 374 4163 solvere
403 4107 589 4179 procurabit,
619 4107 779 4179 iniungens
806 4107 914 4177 eidem,
1003 4108 1108 4164 Datum
1123 4108 1233 4177 lionae,
1250 4107 1328 4179 apud
1354 4106 1494 4162 Sanctum
1521 4101 1792 4174 Petrum,septimu

87 4199 165 4271 quod
182 4199 218 4254 de
233 4203 337 4253 catere
352 4201 433 4253 vacet
445 4196 609 4253 studiosius
628 4195 768 4266 operibus
785 4195 914 4268 piatatis.
967 4198 1035 4254 Idus
1050 4195 1210 4266 Februarii,
1225 4212 1303 4252 anno
1316 4210 1405 4253 nono.

125 4287 232 4343 Datum
258 4286 368 4353 Rome,
383 4287 461 4358 apud
481 4286 621 4343 Sanctum
648 4285 777 4352 Petrum,
789 4285 914 4357 septimo
1265 4300 1397 4359 gggvpfl
1412 4299 1496 4372 (902),

89 4378 159 4434 10118
175 4375 333 4445 16010110»
349 4390 426 4431 ⁸⁰⁰⁰
441 4392 528 4431 ”0¹¹⁰-
1044 4406 1216 4448 armanore
1230 4390 1305 4463 (903)
1318 4407 1353 4445 ar
1366 4404 1454 4445 casae
1468 4401 1709 4444 vlmaarnnsmos.

444 4465 554 4522 Cfflevl·
928 4450 950 4518 Β
969 4483 1000 4540 itt
1014 4483 1165 4538 restituant
1179 4498 1211 4536 eo
1221 4496 1282 4563 qua
1291 4481 1315 4536 t.
1331 4479 1464 4534 amiserat
1477 4482 1591 4558 propter
1604 4473 1791 4545 defensionem

285 4571 461 4612 recasurum
480 4571 615 4610 narscoeo
631 4554 715 4626 (001).
1164 4552 1229 4622 fidet
1241 4551 1418 4607 subtractae
1435 4551 1593 4604 Petamne.

152 4647 183 4703 tlt
198 4646 227 4700 F.
244 4643 390 4700 diaconam
404 4651 558 4715 promoveat
572 4642 608 4697 ad
621 4655 714 4699 aanor
727 4640 851 4703 ordiner.
1087 4640 1182 4717 (tpnd
1197 4642 1225 4698 0.
1241 4640 1370 4708 Petrum,
1385 4637 1476 4694 Nonis
1495 4632 1669 4708 Februarii.)

226 4732 321 4806 (Apud
336 4738 365 4787 S.
382 4731 513 4797 Petrum,
525 4748 574 4787 viu
590 4730 659 4788 fdus
674 4730 771 4805 Febr.)
1004 4730 1232 4804 Lacrymabilem
1262 4728 1361 4785 dilecti
1377 4726 1442 4797 filii,
1456 4725 1578 4783 loannis
1594 4724 1663 4781 iloni
1678 4724 1791 4798 recepi·

125 4822 270 4878 decedens
285 4820 320 4876 ad
338 4819 524 4890 praesentium
536 4822 666 4875 nostram
680 4819 906 4893 dilectusiltius,
968 4838 1035 4877 mus
1050 4818 1354 4893 quaestionemqood,
1369 4832 1437 4873 curn
1452 4812 1626 4871 venerabilis
1638 4814 1727 4870 frater
1741 4830 1791 4870 uo·

87 4918 117 4968 0.
135 4912 290 4975 diaconus,
308 4908 507 4980 parochianos
518 4913 600 4973 tuna,
616 4906 722 4962 humili
743 4908 912 4966 nobisinsi·
968 4917 1060 4966 ster...
1077 4908 1233 4981 episcopos
1248 4907 1334 4979 (001),
1349 4911 1378 4961 et
1400 4904 1527 4960 dilectus
1541 4902 1630 4970 tilius,
1646 4906 1677 4959 C.
1694 4902 1790 4959 arabi·

89 5001 231 5055 nuatione
240 4997 423 5063 monstravit,
436 4997 525 5067 quod,
537 5010 601 5051 cum
613 5011 631 5051 a
641 4990 704 5051 suis
715 4996 915 5054 ramulisdioe-
968 5000 1119 5066 diaconus,
1131 4996 1316 5064 Urbcvctuni,
1330 4995 1413 5052 vobis
1438 4993 1611 5050 anctoritate
1627 4995 1725 5047 nostra
1741 4991 1790 5046 ilr-

88 5093 178 5153 retur,
189 5086 266 5157 quod
278 5090 357 5141 osset
368 5084 663 5151 filinssaccr·dotis,tu
674 5084 771 5157 ipsum
787 5100 914 5159 neopro·
968 5086 1055 5143 miter
1080 5086 1213 5145 dederint
1238 5085 1267 5141 in
1292 5085 1455 5157 praeceptis,
1471 5088 1515 5151 ut,
1531 5081 1634 5138 nisi...
1659 5082 1790 5151 potestas

88 5192 204 5234 movere
220 5176 256 5231 ad
273 5172 636 5246 presbyteratuscrdinem
649 5170 836 5240 voluisti,noo
847 5190 914 5245 per·
968 5174 1165 5241 viterbiensis,
1180 5176 1317 5247 praedicto
1330 5172 1433 5229 ioanni
1453 5170 1529 5227 inira
1551 5172 1664 5225 eertum
1688 5166 1790 5223 termi-

88 5266 195 5324 misisti
226 5266 261 5321 ab
286 5264 343 5320 alin
375 5263 538 5336 promoveri
566 5258 914 5334 quanquamvetid,vsf
967 5255 1790 5338 cumea,quaeiaodiumfldeicathaliensibisbstule·

125 5428 199 5497 (000)
215 5426 287 5482 Vide
302 5423 455 5497 epistolam
472 5422 539 5480 libri
555 5422 650 5495 quinti
665 5424 711 5488 51,
727 5426 788 5478 not.
1014 5426 1079 5494 003)
1093 5425 1163 5482 lfide
1174 5423 1327 5497 epistolam
1344 5420 1412 5479 libri
1428 5418 1523 5492 quinti
1539 5419 1585 5485 03,
1601 5421 1663 5475 not.

125 5500 199 5569 (001)
214 5497 287 5554 Vide
300 5497 453 5567 epistotam
469 5494 536 5551 libri
549 5494 643 5552 octavi
659 5495 721 5551 too.
1013 5497 1079 5571 001)
1091 5496 1164 5553 Vide
1178 5494 1334 5568 epistolam
1348 5492 1415 5549 fibri
1428 5491 1520 5549 octavi
1536 5490 1581 5560 18,
1596 5493 1657 5547 not.

126 5571 198 5642 (002)
214 5569 287 5625 Vide
301 5566 495 5640 Raynaldum,
508 5569 543 5622 aa
559 5583 667 5623 aunum
684 5566 765 5636 1207,
779 5568 794 5635 9
809 5566 836 5624 3.
