3780 6000
45 247 116 302 1417
547 244 806 301 postmontes
823 238 923 295 ANNO
940 243 991 308 xl,
1010 244 1154 299 CHRISTI
1174 244 1253 300 1208.

47 372 179 441 monitis,
196 370 372 444 prepositus
395 369 526 427 eeclesia
545 348 648 428 vestie
673 386 707 426 ao
733 367 914 440 magisterli
930 366 1019 424 etiam
1049 370 1085 425 ad
1119 332 1347 443 postulationem
1376 390 1479 431 eorum
1509 378 1753 450 compositionem
1850 376 1856 387 '

1683 254 1755 312 atta
1866 268 1872 277 “

49 465 82 519 o.
100 467 212 519 vestras
235 460 432 517 exbibuerunt
458 459 569 517 litteras
592 475 691 516 coram
707 459 806 527 nobis,
824 474 874 530 per
930 458 1065 514 eamdam
1090 459 1177 529 juxta
1200 461 1399 534 proscriptam
1423 464 1549 521 formam
1573 483 1591 523 a
1615 468 1711 538 nobis,
1727 475 1756 527 et
1870 522 1874 529 .

49 570 124 625 quas
139 551 293 608 constabat
317 550 566 606 eosdemavobis
592 550 736 621 recepisse
752 549 874 604 manda·
930 546 966 602 ab
997 546 1072 619 ipsis
1103 550 1354 619 procuratoribus,
1384 553 1458 609 sicut
1487 556 1674 626 premissum
1700 564 1755 630 est,

50 650 123 708 tum,
140 657 198 696 non
218 639 316 696 solnm
330 639 437 712 agendi
453 644 482 695 et
496 638 705 712 respondendi,
719 638 771 695 sed
785 637 874 693 etiam
931 637 1135 708 approbatam,
1152 639 1325 698 auctoritato
1348 642 1508 714 apostolica
1532 646 1755 720 confirmamus,

50 729 257 804 componendi.
283 728 425 802 Magister
448 744 564 801 quoque
589 726 777 785 Marcualdus
796 728 826 782 et
840 723 874 779 R.
931 728 1094 782 statuentes
1118 730 1151 782 ut
1173 744 1227 784 neo
1247 731 1394 787 sententia
1417 747 1470 789 neo
1495 732 1681 807 privilegium
1705 740 1756 794 aut
1867 768 1876 779 ν

52 818 279 891 Salzburgensis
294 817 510 889 archiepiscopi
526 820 741 890 procuratores,
757 814 813 871 etsi
827 813 876 869 lit·
931 812 1084 884 quodlibet
1106 815 1186 871 alind
1211 817 1445 877 instrumentum
1464 819 1533 879 huic
1549 824 1755 894 compositioni
1859 882 1862 887 ,

52 914 130 964 teras
147 905 361 979 archiepiscopi
377 923 436 962 non
451 905 638 964 exhibuerint
653 923 704 978 per
719 921 792 977 quas
807 919 874 975 pro·
931 919 1064 974 uuquam
1091 904 1228 975 obsistat,
1255 908 1326 981 quin
1355 909 1444 966 stiam
1471 915 1616 985 quantum
1640 914 1677 970 ad
1701 913 1756 971 hoc
1864 924 1869 931 ’

51 996 156 1052 barent
171 1012 202 1052 se
217 1012 307 1068 supra
322 995 478 1051 concordia
493 994 625 1050 iacienda
640 993 778 1067 recipisse
793 1008 876 1047 man·
931 992 1051 1064 penitus
1067 993 1127 1049 sint
1137 994 1276 1064 invalida,
1294 1001 1325 1053 ut
1339 997 1404 1071 ipsa
1413 1000 1589 1072 compositio
1604 1001 1669 1058 sine
1683 1019 1757 1076 quo·

52 1087 165 1151 datum,
189 1084 219 1141 in
244 1083 418 1140 consistorio
441 1088 540 1141 tamen
565 1083 681 1156 publice
702 1084 878 1153 juraverunt
931 1080 975 1136 vis
990 1082 1142 1140 obstaculo
1164 1085 1255 1140 robur
1268 1084 1400 1144 obtineat
1424 1093 1570 1160 perpetua
1596 1089 1758 1151 firmitatis.

54 1175 132 1247 quod
148 1190 238 1245 super
261 1173 315 1229 boc
338 1173 511 1228 mandatum
527 1173 563 1228 ab
577 1171 798 1243 archiepiscopo
814 1185 875 1225 me·
931 1169 1010 1226 Nulli
1023 1186 1126 1244 ergo...
1143 1177 1249 1229 nostrae
1264 1174 1497 1246 compositionis,
1514 1177 1759 1255 confirmationis,
1803 1194 1807 1199 '

54 1268 169 1318 morato
186 1269 355 1334 receperant
366 1263 451 1333 juxta
466 1264 590 1318 thomam
607 1260 662 1316 sibi
678 1261 714 1317 ab
730 1257 876 1331 archiepi·
932 1263 961 1315 st
975 1259 1206 1332 constitutionis,
1222 1265 1278 1317 etc.
1293 1262 1323 1319 Si
1339 1263 1407 1336 quis
1423 1271 1531 1332 autem,
1546 1269 1602 1322 eto.

53 1370 141 1425 scopo
157 1353 258 1409 eodem
280 1368 447 1424 expressam
473 1352 618 1424 nobisque
644 1350 824 1408 insinuatam
842 1348 877 1404 ab
967 1347 1072 1405 Datum
1090 1350 1239 1423 Anagniae,
1257 1350 1454 1423 NonisJuuii,
1471 1369 1548 1409 anno
1565 1353 1732 1413 undecimo.

54 1442 138 1513 ipsis,
152 1446 180 1497 et
195 1442 274 1514 quod
298 1442 437 1512 prelatus
451 1440 690 1515 archiepiscopus
705 1438 878 1496 mandatum
969 1437 999 1493 ln
1010 1439 1261 1513 eamdemjmodam
1280 1441 1414 1513 scriptam
1436 1444 1476 1498 cst
1500 1442 1699 1516 solmarpsmt
1713 1461 1761 1502 or·

53 1530 163 1604 ipsum,
179 1530 221 1586 eis
246 1530 421 1597 scientibus,
437 1530 473 1585 ab
498 1530 541 1586 eis
568 1528 737 1586 nullatenus
762 1544 878 1586 revoca·
932 1525 1113 1599 chiepiscopo.
1762 1532 1766 1537 '

53 1624 109 1689 rat,
126 1620 263 1691 quodque
287 1617 344 1691 ipsi
365 1620 470 1675 darent
485 1618 611 1676 fideliter
633 1634 752 1691 operam
777 1616 877 1673 eitlca·

53 1725 117 1766 eem
143 1712 175 1764 ut
199 1708 442 1779 compositionem
469 1708 634 1765 taciendam
659 1725 676 1763 a
699 1705 784 1763 nobis
799 1705 916 1804 idemB

56 1796 296 1868 archiepiscopus
318 1796 494 1853 observaret.
510 1796 569 1852 Nos
583 1796 674 1868 igitur
688 1794 877 1869 postmodum

55 1885 216 1942 deliberato
237 1901 305 1942 curn
333 1885 473 1942 iratribus
498 1885 607 1942 nostris
631 1884 765 1952 consilio,
781 1887 876 1940 atten-

55 1975 158 2031 dentes
183 1980 242 2030 tam
258 1974 341 2031 vobis
356 1991 444 2047 quarn
461 1976 589 2031 adverse
613 1973 689 2047 parti
704 1971 877 2044 multiplici·

54 2069 100 2120 ter
114 2065 249 2136 expedire
263 2064 487 2120 controversiam
502 2062 597 2135 ipsam
609 2061 765 2120 concordia
780 2061 878 2134 potius

55 2171 145 2226 quam
157 2152 270 2225 judicio
285 2153 449 2222 terminari,
465 2153 707 2226 compositionem
723 2151 877 2223 hujusmo-

56 2243 85 2298 di
101 2244 136 2298 de
150 2242 278 2315 partium
304 2241 491 2299 conniventia
515 2241 657 2298 intervos
681 2241 820 2297 duximus
836 2240 877 2296 in·

55 2332 206 2403 ciendam,
232 2336 264 2388 ut
288 2331 425 2403 episeopo
450 2334 547 2388 vestro
572 2331 719 2401 defuncto,
743 2329 878 2386 salzbur·

57 2420 157 2493 gensis
180 2420 420 2492 archiepiscopus
440 2425 560 2475 vocatus
581 2436 599 2476 a
619 2419 701 2476 vobis
726 2419 762 2474 ad
787 2418 878 2475 eccle·

58 2510 133 2565 siam
148 2509 327 2565 Gurcensem
351 2508 482 2574 accedat,
496 2515 523 2563 et
538 2511 597 2563 tres
621 2522 773 2580 personas,
789 2521 879 2561 unam

55 2597 191 2654 videlicet
206 2599 241 2655 de
263 2597 373 2670 gremio
397 2597 529 2669 ejusdem
553 2594 693 2663 ecclesia,
710 2610 799 2667 quam
823 2594 879 2649 uti·

51 2687 157 2745 liorem
184 2687 259 2744 bona
280 2687 338 2744 ilde
354 2685 510 2743 crediderit
524 2690 585 2742 tam
602 2685 637 2741 ad
659 2685 789 2756 regimen
805 2700 879 2754 prm-

58 2777 177 2835 sulatus
193 2793 281 2849 quam
297 2776 386 2833 etiam
402 2774 533 2833 otfioium
548 2774 663 2831 vicarie
686 2789 719 2829 ac
742 2773 816 2828 duas
830 2788 880 2827 ex-

59 2871 188 2936 traneas,
202 2866 286 2923 vobis
296 2865 489 2922 denominare
501 2868 646 2937 procuret,
656 2879 707 2919 vos
721 2877 788 2918 vero
804 2877 881 2917 seor·

58 2974 124 3012 sum
148 2973 237 3029 super
260 2955 459 3012 denominatis
483 2954 566 3010 vobis
590 2951 725 3025 personis
748 2948 881 3022 diligenti

1173 1723 1309 1764 aerscoao
1328 1724 1515 1766 auaraaausr.

1043 1800 1081 1852 De
1099 1795 1255 1868 supplendo
1273 1795 1443 1868 negligentia
1455 1802 1649 1870 patronorum.

1172 1894 1336 1967 (Anagnia,
1353 1895 1395 1950 Id.
1410 1895 1517 1968 lunii.)

968 2000 1076 2058 Oblata
1099 2000 1185 2057 nobis
1210 2005 1267 2056 tue
1282 2001 1473 2058 fraternitatis
1497 2001 1601 2060 littera
1625 2003 1759 2061 confine·

932 2091 1005 2147 bant
1024 2091 1102 2163 quod
1117 2106 1185 2161 oum
1209 2090 1360 2146 interdum
1375 2089 1498 2162 qnidam
1523 2092 1574 2164 qni
1594 2093 1645 2164 jus
1662 2096 1762 2164 patro*

934 2183 1022 2237 natus
1044 2182 1075 2235 in
1099 2179 1279 2251 quibusdam
1304 2179 1438 2237 ecclesiis
1453 2186 1510 2237 tuae
1524 2181 1662 2239 diaecesis
1686 2182 1762 2239 obti-

933 2271 1015 2334 nent,
1040 2267 1214 2325 auotoritate
1238 2272 1341 2325 nostra
1364 2273 1535 2326 mereantur
1557 2270 1762 2328 excommnni-

933 2356 1059 2414 cationis
1073 2355 1360 2427 vinculo'innodari,
1377 2358 1497 2415 easdem
1513 2358 1652 2417 eeclesias
1667 2358 1762 2417 multo

935 2453 1066 2519 tempore
1088 2461 1190 2502 vacare
1214 2446 1371 2519 contingit,
1388 2448 1520 2519 patronis
1545 2447 1619 2521 ipsis
1642 2451 1763 2522 propter

935 2534 1760 2609 excommunicationisimpedimentumpotestatamnon
1799 2602 1802 2607 ,

935 2623 1113 2680 habentibus
1139 2623 1346 2695 praesentandi.
1364 2623 1444 2681 Unde
1466 2625 1628 2695 quesivisti
1643 2642 1661 2682 a
1675 2626 1760 2683 nobis

936 2729 973 2769 au
989 2719 1055 2785 post
1068 2728 1119 2768 sex
1133 2727 1251 2769 menses
1270 2711 1300 2767 in
1320 2711 1372 2767 tali
1386 2728 1456 2769 casu
1472 2713 1526 2768 tihi
1541 2714 1628 2770 liceat
1641 2715 1760 2771 easdem

936 2800 1076 2858 ecclesias
1109 2801 1242 2874 personis
1273 2799 1387 2857 idoneis
1420 2801 1583 2874 assignare.
1619 2803 1761 2869 Quocirca

936 2889 1199 2950 fraternitatituae
1228 2888 1419 2962 praeentiam
1447 2890 1647 2949 insinuatione
1676 2908 1761 2949 man·
1872 2958 1877 2965 ,

937 2981 1043 3035 damus
1067 2984 1212 3052 quatenus
1240 2985 1380 3050 patronos
1405 2980 1487 3052 ipsos
1514 2996 1634 3038 moneas
1661 2981 1763 3039 ethea-

59 3045 268 3103 deliberatione
290 3044 434 3115 tractetis,
450 3048 479 3100 et
499 3043 581 3100 vobis
595 3042 715 3098 tandem
730 3057 764 3096 ac
779 3040 880 3096 eodem
937 3068 1011 3125 citer
1025 3073 1054 3125 et
1068 3068 1191 3125 indum
1205 3072 1237 3125 ut
1251 3085 1303 3141 pm
1318 3069 1355 3124 ἥδ
1370 3068 1541 3126 satisfacere
1556 3071 1695 3128 studeant
1709 3087 1762 3144 pm
1868 3046 1878 3093 -“.

58 3135 278 3206 archiepiscopo
303 3135 333 3189 in
356 3131 485 3204 capitulo
501 3131 709 3198 residentibus,
724 3129 750 3186 is
775 3145 810 3184 ex
829 3108 918 3184 ‹te-C

58 3222 220 3278 nominatis
246 3221 380 3294 personis
398 3219 435 3276 ab
450 3220 668 3292 archiepiscopo
695 3217 823 3291 primum
849 3217 880 3273 in

58 3312 229 3384 episcopum
246 3318 273 3366 et
287 3309 428 3365 vicarium
448 3313 476 3365 et
496 3311 709 3379 consequenter
723 3324 740 3363 a
754 3306 837 3363 vobis
851 3305 881 3361 in

58 3401 230 3472 episcopum
245 3398 372 3472 eligatur
385 3397 415 3453 in
428 3414 514 3468 quem
530 3394 687 3453 omnesvsl
703 3395 807 3452 saltem
824 3412 883 3450 ma·

55 3492 105 3562 jor
120 3507 188 3562 pars
202 3493 332 3544 vestrum
358 3487 477 3560 penitus
496 3486 726 3554 consensissent,
743 3501 775 3540 ae
802 3488 882 3557 post·

62 3580 182 3635 modum
208 3577 350 3634 electione
373 3576 437 3649 ipsa
460 3593 511 3648 per
535 3576 679 3631 decanum
702 3573 746 3631 vel
771 3590 883 3647 praepo·

59 3669 152 3726 situm
168 3685 220 3725 seu
235 3667 398 3741 quemlibet
420 3664 510 3720 alium
530 3663 658 3720 ccclesia
674 3669 776 3721 vestra
792 3680 883 3721 cano·

937 3157 1045 3230 quibus
1079 3157 1293 3229 dignoscuntur
1324 3158 1626 3216 excommunicatione
1659 3160 1762 3230 notati,

935 3251 969 3302 ut
998 3246 1040 3302 sic
1068 3245 1208 3303 beneficio
1237 3246 1430 3305 absolutionis
1458 3248 1589 3319 obtento,
1619 3265 1763 3321 personas

935 3335 1057 3391 idoneas
1081 3335 1117 3391 ad
1147 3335 1301 3406 predictas
1330 3335 1468 3393 ecclesias
1493 3336 1610 3393 valeant
1633 3353 1763 3410 prasen-

936 3428 1009 3481 tare.
1025 3423 1054 3479 si
1069 3439 1135 3480 vero
1161 3423 1221 3480 tuis
1246 3424 1367 3481 monitis
1382 3425 1501 3482 obedire
1521 3427 1762 3499 contempserint,

937 3517 1004 3585 post
1032 3529 1083 3569 sex
1112 3529 1228 3570 menses
1247 3530 1264 3568 a
1283 3518 1412 3584 tempore
1441 3515 1611 3583 vacationis,
1632 3515 1764 3589 appella·

936 3602 1016 3658 tione
1039 3606 1161 3673 remota,
1188 3603 1321 3675 personis
1351 3602 1464 3660 idoneis
1488 3604 1628 3663 ecclesias
1649 3621 1761 3663 memo·
1853 3630 1858 3635 ·

937 3696 1016 3750 ratos
1033 3691 1177 3763 assignes,
1194 3691 1234 3748 ita
1249 3691 1328 3764 quod
1343 3708 1378 3749 ex
1392 3691 1448 3748 boc
1462 3677 1595 3766 patronis
1609 3694 1683 3768 ipsis
1697 3694 1762 3752 nul·

58 3759 156 3815 nicom
182 3759 215 3813 ad
249 3757 302 3812 hoc
322 3773 338 3811 a
358 3754 485 3828 capitulo
514 3755 686 3826 deputatum
715 3752 886 3810 solemniter
938 3780 1610 3855 luminposterumpmjudjoiumgeneretur·

58 3847 219 3922 publicata,
245 3845 371 3902 electum
395 3844 494 3943 ipsum
510 3842 716 3915 salzburgensi
736 3841 884 3913 arehiepi-
973 3869 1079 3926 Datum
1094 3869 1242 3942 mgni&
1258 3869 1359 3928 Idibus
1372 3869 1465 3943 junii,
1479 3888 1557 3929 anno
1573 3873 1740 3932 undecimo.

59 3954 160 4010 scopo,
188 3940 289 4008 utpote
318 3931 543 4004 metropolitano
572 3935 677 3999 vestro,
708 3935 885 4004 prasentare

60 4027 180 4094 curetis,
198 4025 234 4081 ab
257 4025 359 4081 eodem
383 4020 618 4080 conflrmationis
642 4020 818 4076 beneficium
834 4037 884 4076 re·
1329 4003 1374 4061 ci.
1471 4029 1475 4036 ·

61 4121 223 4188 ceptorum,
235 4113 283 4171 cui
300 4110 541 4184 metropolitanus
554 4110 618 4184 ipse
632 4110 697 4167 sine
711 4109 886 4166 difficultate
1302 4109 1400 4149 ”DEM-
1536 4179 1537 4182 Ἴ

63 4205 193 4277 qualibet
215 4209 275 4259 tam
295 4200 528 4260 confirmationis
544 4216 633 4272 quam
657 4198 887 4256 consecrationis
975 4191 1034 4247 Non
1048 4189 1270 4273 debetjocporori
1290 4190 1499 4247 matrimonium
1516 4194 1630 4274 ⁸pacando
1650 4195 1729 4252 ambo

64 4311 173 4350 munus
193 4297 342 4365 gratanter
366 4291 528 4363 impendat.
553 4289 593 4348 Ne
617 4305 684 4346 vero
708 4289 886 4362 cujusquam
1177 4262 1530 4334 ⁶⁰”71‘90351‘7210dultm

67 4381 293 4440 machinationis
317 4381 430 4437 astucia
444 4380 523 4436 circa
537 4379 590 4436 hoc
613 4377 726 4451 aliquid
742 4378 772 4434 in
787 4377 887 4435 Eccle·
1196 4360 1325 4431 (Datum,
1341 4367 1373 4414 αἱ
1387 4361 1417 4414 in
1432 4360 1513 4434 alid)

64 4473 114 4528 siae
148 4475 251 4526 vestra
284 4469 474 4543 dispendium
507 4473 685 4538 attentetur,
715 4466 926 4540 anctoritaten
976 4469 1112 4541 (tssl'lua
1139 4466 1306 4524 fraternitas
1333 4468 1488 4541 requisivit
1511 4487 1528 4527 a
1553 4471 1638 4529 nobis
1668 4477 1766 4531 utrum
1867 4486 1871 4491 ·

64 4558 274 4632 omnipotentis
288 4557 339 4614 Dei
354 4558 450 4614 Patris
470 4562 498 4614 ot
518 4557 581 4615 Filii
597 4564 626 4615 et
640 4559 768 4631 Spiritus
783 4555 888 4623 sancti,
945 4557 1043 4631 aliquo
1067 4560 1230 4630 denegante
1250 4557 1332 4614 uxori
1358 4574 1418 4614 sua
1443 4558 1474 4615 in
1498 4559 1641 4619 adulterio
1666 4563 1768 4637 depre-

64 4668 99 4708 ex
123 4655 205 4722 parte
229 4663 347 4720 quoque
370 4647 522 4703 beatorum
548 4649 749 4721 apostolorum
771 4647 847 4705 Petri
862 4650 891 4704 et
944 4647 1042 4705 hensa
1072 4647 1205 4704 debitum
1232 4646 1404 4720 conjugale,
1429 4647 1455 4703 si
1487 4651 1677 4721 postmodnm
1707 4652 1771 4724 ipsa

65 4739 148 4795 Pauli
173 4754 206 4794 ac
235 4742 347 4804 nostra,
373 4738 687 4794 excommunicationis
711 4738 890 4796 sententiam
945 4736 1083 4794 cumalia
1098 4738 1245 4810 perpetret
1258 4734 1437 4793 adulterium
1453 4737 1618 4806 manifeste,
1630 4757 1668 4797 an
1684 4756 1772 4798 uxore

65 4827 299 4901 interponimus,
329 4842 419 4897 quam
449 4824 671 4898 Salzburgensis
696 4827 891 4901 archiepisco·
946 4832 1050 4899 agente
1075 4825 1279 4899 poenitentiam
1303 4824 1339 4882 de
1364 4827 1696 4887 commissoetveniam
1716 4830 1773 4886 ba·

67 4936 136 4991 pus,
151 4916 200 4990 qui
224 4932 275 4990 pro
301 4920 434 4986 tempore
458 4915 555 4982 luerit,
572 4915 702 4976 incurrat
723 4916 748 4973 si
774 4918 892 4988 quando
947 4915 1057 4973 militer
1085 4912 1271 4987 postulante,
1294 4914 1339 4970 vir
1364 4916 1430 4988 cogi
1454 4917 1559 4975 debeat
1584 4922 1616 4973 ut
1640 4918 1774 4975 eamdem
1810 4986 1813 4993 ,

68 5008 103 5063 de
118 5006 229 5079 gremio
243 5004 373 5061 ecclesias
388 5007 493 5060 vestrae
507 5019 684 5075 quemquam
704 5004 894 5062 denominare
948 5005 1076 5061 maritali
1102 5003 1254 5061 affectione
1278 5009 1447 5076 pertractet.
1462 5006 1557 5080 Super
1579 5023 1637 5079 quo
1662 5006 1715 5062 tibi
1731 5010 1775 5063 ta·

67 5094 288 5170 praesumpserit
313 5092 370 5149 nisi
391 5109 477 5166 quern
504 5092 540 5149 ad
562 5091 739 5164 presulatus
764 5094 894 5167 regimen
949 5094 1016 5150 liter
1030 5093 1253 5165 respondemus,
1271 5094 1348 5166 quod
1369 5110 1437 5150 cum
1457 5095 1540 5166 paria
1554 5094 1680 5151 crimina
1694 5110 1776 5152 oom-

68 5193 97 5243 et
125 5185 256 5242 officium
282 5182 396 5240 vicariae
430 5181 577 5238 utiliorem
608 5181 796 5240 estimaverit
819 5182 896 5239 bona
950 5181 1123 5256 pensatione
1147 5185 1253 5238 mutua
1275 5181 1501 5254 deleantur‚vir
1525 5182 1697 5254 hujusmodi
1717 5184 1776 5241 ior·

69 5276 135 5331 ilde.
155 5277 248 5341 Quam
264 5271 510 5345 compositionem
524 5269 722 5343 *aestimaverit
736 5272 814 5329 bona
827 5272 895 5331 tide.
951 5269 1108 5328 nicationis
1124 5270 1244 5327 obtentu
1271 5287 1330 5328 sua
1358 5270 1455 5329 uxoris
1476 5271 1578 5345 nequit
1592 5274 1775 5332 consortium

69 5366 163 5430 Quam
194 5361 437 5436 compositionem
471 5364 677 5434 procuratores
703 5361 760 5436 ipsi
789 5361 899 5436 pariter
952 5358 1110 5418 declinare.

71 5454 280 5527 approbantes,
299 5452 433 5509 eamdem
459 5451 609 5509 humiliter
632 5456 815 5526 receperunt.
839 5452 899 5511 Nos
987 5452 1107 5519 Datum,
1121 5450 1196 5506 atta
1210 5448 1283 5505 otio.

105 5563 163 5636 (48)
179 5564 247 5635 Cap.
267 5563 320 5617 Tac
334 5559 510 5631 fraternitas.
527 5560 568 5617 De
583 5559 733 5619 adulteris.

161 5669 164 5673 ’
232 5685 352 5744 Parnon
381 5679 494 5742 CCXV.
