3780 6000
70 247 141 304 1365
566 253 828 309 PONl'lFlCATUS
846 251 946 307 ANNO
964 255 1012 323 xi,
1032 256 1175 315 CHRISTI
1195 258 1275 315 1208.
1705 259 1777 317 1366

69 374 251 431 ordinarium
268 374 335 448 plus
363 376 474 433 accedit
502 380 534 432 ut
557 377 694 433 ltcelesiae
715 377 751 433 de
775 375 893 432 diaecesi
907 377 935 445 Α
949 377 979 434 in
991 385 1137 450 posterum
1150 384 1775 457 couterentur,tanqua1nhabitatoresterri-

69 464 185 538 propria
200 464 229 519 in
247 470 393 537 pastorem
410 466 453 520 vir
464 465 652 538 prouidentur
667 465 790 522 idoneus
802 481 893 538 quam
949 467 1015 524 torii
1027 472 1181 528 memorati
1193 479 1254 530 tam
1268 475 1332 547 jure
1344 473 1536 530 habitationis
1548 490 1637 546 quam
1650 491 1683 530 ex
1700 491 1772 547 apo-

69 558 225 628 episcopus
254 555 302 612 nlii
333 556 464 614 scelesta
494 556 644 630 alligatus,
669 557 892 630 populationem
947 556 1057 614 stolicis
1071 561 1150 617 sedis
1161 563 1350 619 concessione
1361 562 1449 619 libere
1465 562 1585 634 possitis
1597 563 1725 634 recipere
1741 580 1774 620 ac

69 648 218 720 praeiatam
231 665 287 704 nou
298 648 436 705 duximus
447 649 723 717 addmittendam,et
733 650 775 705 sio
784 649 894 706 intelli·
947 646 1010 704 sins
1021 649 1153 720 qualibet
1170 654 1402 711 contradictione
1412 658 1520 711 tenere.
1533 656 1657 725 Insuper
1672 658 1772 711 aucto·

68 746 168 810 gentes
181 736 352 794 electionem
366 738 535 810 prodictam
547 756 564 795 a
572 739 708 812 pluribus
719 740 755 794 de
767 755 892 811 persona
946 735 1032 793 ritate
1043 740 1125 797 vobis
1137 742 1480 815 apotolicaindnlgemus
1492 748 1524 798 ut
1536 742 1638 798 silvam
1649 748 1773 801 vestram

68 828 175 883 idonea
186 826 525 897 eanonicecelcbratam,
542 829 636 900 ipsam
647 827 813 885 daconailio
830 830 890 885 ira·
946 827 981 883 de
992 827 1117 886 Laureto
1129 832 1259 891 excolere
1278 833 1361 890 vobis
1372 832 1459 890 liceat
1472 839 1501 889 et
1521 834 1591 890 dare
1602 833 1668 891 aliis
1683 851 1768 891 exco-

65 920 145 971 trum
172 920 340 972 nostrorum
367 917 534 974 curavimus
551 917 734 975 confirmare.
750 917 890 983 Quocirca
944 914 1062 974 leudam
1080 922 1243 980 seeundum
1258 922 1402 979 terminos
1420 921 1529 995 quibus
1551 922 1581 978 in
1601 922 1771 980 authentico

65 1005 348 1062 discretioniseatrae
356 1023 406 1078 per
417 1006 578 1080 apostolica
588 1008 698 1080 scripta
711 1009 888 1065 mandamus
943 1005 1053 1078 scripto
1064 1010 1769 1069 monasteriivestrideterminataestetdistincta.

64 1099 212 1165 quatenus
227 1095 320 1152 eidem
333 1095 425 1154 electo
440 1098 470 1153 in
486 1096 691 1169 spiritualibus
705 1102 734 1154 et
744 1102 888 1170 tempora·
942 1092 1022 1150 Nulli
1035 1112 1138 1168 ergo...
1151 1104 1256 1156 nostra
1279 1100 1508 1169 constitutionis,
1524 1100 1768 1168 confirmationis,

63 1182 141 1240 libus
156 1189 296 1256 tanquam
311 1187 421 1258 pastori
437 1195 531 1243 vestro
546 1188 582 1243 de
595 1191 696 1243 cetero
707 1188 887 1260 responden·
943 1186 972 1239 ct
986 1186 1199 1259 concessionis,
1214 1195 1268 1245 eto.
1286 1189 1316 1245 Si
1331 1190 1400 1261 quis
1415 1193 1527 1260 autem,
1538 1193 1593 1245 etc.

63 1276 119 1342 tes,
135 1274 265 1330 debitam
282 1280 311 1331 et
325 1276 457 1332 devotam
472 1275 671 1333 obedientiam
694 1293 727 1333 ao
752 1293 885 1334 reveren·
976 1276 1081 1331 Datum
1094 1275 1239 1347 Laterani,
1259 1296 1277 1335 v
1296 1279 1357 1335 llal.
1378 1278 1496 1350 Aprilis,
1512 1294 1589 1334 anuo
1600 1276 1766 1335 undecimo.

62 1363 135 1418 tiam
152 1362 208 1419 sibi
222 1363 358 1421 exhibere
372 1367 493 1424 curetis.
1299 1368 1399 1425 XLlll.

99 1456 204 1508 Datum
228 1453 470 1523 Latarani,vltal.
487 1456 606 1530 Aprilis,
621 1474 697 1514 anno
717 1457 883 1516 undecimo.
939 1469 1038 1511 isaari
1066 1472 1165 1514 saacrr
1186 1474 1326 1530 vreroars,
1348 1476 1383 1515 ar
1407 1474 1515 1515 oceano
1541 1474 1707 1530 inarsisset,
1733 1474 1767 1515 ar

441 1545 509 1603 llLl.
974 1559 1117 1601 nacrsrao
1128 1563 1256 1604 aosraro
1269 1565 1304 1604 na
1313 1564 1423 1605 conscii
1432 1564 1613 1619 ¹rrovioarnasr
1625 1562 1766 1604 musaico

61 1647 281 1690 incarnerscoso
301 1651 456 1693 vaarsraasr
477 1653 511 1692 nr
527 1653 733 1695 sausnsaisusi
747 1654 883 1696 srrscoeo
974 1649 1316 1694 canisiussoaruoaaurt.

275 1742 309 1780 ss
322 1743 428 1782 ansero
453 1743 667 1785 arconsorsusr.
897 1747 922 1814 Β
1087 1729 1130 1782 De
1144 1727 1274 1783 electione
1293 1728 1414 1799 episcopi
1429 1725 1609 1783 Moriaeasia.

165 1814 203 1869 lle
217 1815 345 1872 eeclesiis
359 1816 554 1887 irnperiotitac
570 1817 774 1892 Cunctantinop.
1140 1816 1298 1891 (Laterani,
1312 1833 1340 1873 rv
1355 1815 1563 1889 Nonaprilis.)

272 1906 427 1977 (Laterani,
447 1924 476 1963 vr
491 1907 533 1962 ld.
550 1906 690 1979 Martini.)
974 1908 1028 1980 (l8)
1053 1907 1125 1963 Cum
1150 1905 1248 1962 dilecti
1272 1904 1325 1962 illii
1347 1903 1501 1973 Esuriens,
1532 1903 1758 1961 archidiaconus

98 1991 296 2051 charissimus
308 1994 337 2051 in
350 1995 465 2052 Christo
476 1995 555 2052 filius
571 2002 670 2054 noster
692 2000 882 2059 contantino·
937 1996 1124 2063 Moriuensis,
1143 1999 1171 2051 st
1186 1995 1326 2066 magister
1340 1999 1376 2050 Η.
1400 1993 1612 2061 Atrebatensis,
1637 1993 1758 2051 canoni·

62 2081 882 2162 politanusimperatorillustrisuostroapostolatuisup·
936 2104 1001 2159 cus,
1017 2084 1193 2143 Moriuansis
1213 2083 1296 2141 electi
1316 2087 1520 2156 procuratores
1542 2087 1571 2138 et
1591 2082 1758 2139 Bernartius

61 2170 179 2242 plicavit
190 2177 221 2228 ut
234 2172 410 2230 ecolesiaain
422 2174 607 2246 imperiosae
618 2176 701 2246 sitas,
713 2193 775 2247 qua
787 2177 881 2251 impe·
936 2175 1115 2233 Morinensis
1144 2174 1305 2230 canonicus
1329 2173 1365 2229 nd
1386 2173 1486 2229 sedem
1502 2171 1692 2243 apostolicam
1709 2187 1760 2228 ao·

60 2261 474 2333 rinlesdicuntur,etnonuisi
493 2264 633 2320 duntaxat
652 2265 881 2337 imperatoribus
936 2265 1111 2331 cessissent,
1142 2267 1346 2336 procuratores
1375 2261 1432 2333 ipsi
1463 2277 1624 2333 proponere
1658 2265 1761 2318 nostra

58 2352 878 2426 consueverantGraournmtemporibusresponderam
936 2354 1093 2428 prasentia
1121 2357 1297 2409 curaverunt
1325 2352 1402 2424 quod
1435 2350 1562 2406 llcclesia
1585 2350 1761 2407 llorinensis
1858 2386 1861 2391 ·

58 2438 113 2495 bac
128 2440 335 2498 mandaramus
346 2443 505 2498 consistere
522 2441 657 2499 libertato
668 2448 700 2499 ut
711 2444 880 2516 imperatori
935 2444 1065 2518 episcopi
1082 2440 1186 2498 solatio
1203 2441 1356 2508 destituta,
1376 2438 1507 2494 canonici
1521 2437 1653 2509 eJusdam
1669 2436 1760 2494 eccle·

56 2529 93 2583 de
108 2530 329 2600 temporalibus,
341 2532 426 2587 uobis
438 2535 536 2586 autem
548 2533 725 2604 respondere
741 2534 776 2590 de
791 2536 880 2606 spiri·
936 2534 986 2591 sia
1003 2533 1039 2589 de
1055 2531 1186 2604 pastoris
1211 2528 1406 2585 subtitutione
1428 2530 1599 2594 tractantes,
1621 2527 1650 2583 in
1668 2525 1759 2583 dilee-

57 2617 187 2674 tualibus
199 2622 353 2675 teneantur
364 2620 430 2691 (17).
442 2620 585 2685 Quocirca
597 2621 766 2678 discretioni
777 2629 880 2681 vestra
934 2626 997 2679 tum
1013 2621 1108 2675 illium
1125 2621 1214 2673 Adam
1232 2618 1447 2690 presbyterum,
1458 2615 1646 2671 (lescelinum
1663 2615 1759 2672 diaco·

58 2724 109 2778 per
124 2708 286 2779 apostoliea
296 2708 405 2781 scripta
419 2711 596 2766 mandamus
611 2715 755 2781 quatenus
770 2715 880 2771 voeatis
935 2727 1017 2781 num,
1033 2707 1234 2767 Theobaldum
1255 2706 1482 2775 subdiaconum,
1498 2704 1654 2760 canonicos
1669 2704 1758 2761 illori-

59 2797 108 2868 qui
127 2797 307 2869 proptarhoo
322 2798 430 2854 luerint
441 2798 742 2866 evocandi,veritatem
755 2801 881 2860 sollicito
935 2816 1042 2858 nenses
1056 2800 1231 2871 potestatem
1247 2793 1373 2866 eligendi
1390 2793 1562 2865 episcopum
1577 2791 1758 2847 unanimiter

59 2885 227 2957 inquiratis,
249 2892 335 2943 eleas
356 2889 392 2943 de
412 2886 881 2961 prelibatisecclesiisquasvela
934 2887 1134 2957 contulerunt,
1156 2885 1325 2957 juramento
1350 2881 1522 2955 interposito
1547 2880 1753 2954 promittentes

59 2975 103 3032 sui
116 2976 557 3044 incitationeliberasexistisse,
569 2979 613 3033 vel
632 2995 683 3051 per
694 2980 878 3053 privilegium
935 2979 1012 3053 quod
1027 2977 1111 3033 illum
1131 2971 1339 3046 reciperantis
1356 2976 1503 3040 pastorem
1529 2986 1617 3041 quem
1643 2968 1755 3042 gremio

58 3063 223 3136 apostolico
242 3066 321 3122 sedis
334 3071 494 3139 exemptas,
507 3072 647 3124 auttutas
659 3071 879 3143 praescriptione
893 3111 914 3178 C
934 3069 1028 3143 ipsius
1043 3064 1172 3123 eeclesias
1188 3064 1330 3119 ducerent
1348 3060 1378 3116 in
1394 3059 1564 3132 episcopum
1580 3057 1755 3131 eligentem.

57 3154 189 3225 legitima
204 3154 385 3224 inveneritis,
402 3155 431 3210 in
449 3158 618 3228 praescripta
637 3158 778 3215 iacientes
790 3160 879 3217 liber·
934 3159 987 3225 Qui
1005 3155 1193 3230 postmodum
1208 3149 1381 3208 examinatis
1394 3148 1597 3206 voluntatibus
1622 3147 1756 3220 singulo·

58 3246 116 3297 tate
127 3257 254 3309 manere,
268 3243 431 3315 superaliis
442 3246 554 3315 quasin
568 3249 645 3301 statu
658 3248 824 3318 repereritis
842 3249 879 3304 li·
933 3263 1012 3313 rum,
1035 3246 1176 3301 loannem
1202 3239 1441 3297 archidiaconum
1465 3237 1599 3309 ejusdem
1615 3237 1755 3308 ecclesias,

56 3328 879 3406 bertatisaudiatisquarntionabiliterpropositaluerint
932 3337 1027 3392 virum
1044 3334 1219 3398 litterarum,
1236 3329 1402 3403 providum,
1418 3330 1448 3384 et
1463 3327 1636 3396 discretum,
1652 3326 1682 3382 in
1698 3326 1758 3398 epi·

57 3433 271 3490 aquocunque,
291 3436 324 3474 ac
344 3420 429 3476 nobis
445 3422 500 3477 snb
517 3421 740 3493 sigillisvestris
755 3426 879 3483 fideliter
933 3440 1054 3499 scopum
1078 3421 1240 3493 elegerunt,
1257 3423 1285 3474 et
1299 3418 1401 3473 eadam
1424 3415 1566 3473 electione
1590 3434 1607 3471 a
1628 3415 1757 3487 capitulo

57 3508 225 3578 rernittatis,
241 3510 424 3582 praefigentes
440 3511 573 3582 partibus
589 3514 749 3570 terminum
762 3532 877 3589 compe·
933 3511 1130 3571 communiter
1145 3509 1314 3582 approbata,
1332 3524 1349 3564 a
1369 3504 1593 3577 metropolitano
1609 3520 1663 3563 suo
1678 3503 1756 3576 pari·

58 3602 167 3653 tantem
183 3613 241 3668 qno
254 3615 286 3654 ss
301 3615 368 3654 cum
399 3598 441 3654 eis
469 3605 569 3656 nostro
589 3602 758 3674 conspectui
774 3621 878 3677 repra·
933 3604 1004 3660 riter
1015 3602 1163 3675 petierunt
1178 3602 1210 3655 ut
1224 3596 1396 3654 electionem
1412 3594 1597 3652 confirmaret
1611 3594 1754 3651 eamdem.

57 3687 267 3751 seutent.Quod
279 3687 302 3743 si
316 3705 373 3744 oon
385 3690 631 3758 omnee,atc.,duo
642 3696 841 3756 vestrumetc.
933 3694 986 3760 Qui
1003 3698 1062 3749 tam
1078 3689 1252 3747 electionem
1267 3704 1299 3743 ao
1316 3685 1397 3742 electi
1421 3700 1576 3758 personam
1601 3683 1757 3757 diligenter

94 3777 199 3831 Datum
213 3777 358 3846 Laterani,
378 3794 405 3832 vi
419 3778 487 3834 idus
504 3778 695 3848 atartii,annc
711 3782 877 3841 undecimo.
932 3782 1105 3841 examinans
1120 3796 1208 3853 quam
1222 3776 1311 3833 etium
1327 3790 1417 3847 super
1431 3774 1525 3846 ipsius
1540 3777 1636 3839 atate,
1652 3773 1688 3830 da
1702 3790 1756 3829 eu·

423 3866 508 3922 llLll.
927 3872 980 3945 jus
995 3870 1111 3928 deiectu
1127 3869 1221 3925 iuerat
1236 3865 1272 3922 ab
1289 3864 1439 3937 aliquibus
1452 3862 1631 3930 dubitatum,
1656 3861 1756 3934 inqui·

109 3970 210 4010 isaari
226 3972 260 4011 ar
275 3972 429 4013 sarrarsus
447 3972 619 4012 uouasranrr
641 3973 823 4015 rossensis.
933 3977 1000 4019 rens
1016 3958 1141 4016 sollicito
1155 3954 1317 4022 veritatem,
1334 3969 1386 4025 per
1399 3951 1586 4017 senteutiam,
1604 3950 1756 4007 declaran-

216 4049 255 4103 De
268 4045 477 4116 corifiunctioae
491 4048 716 4118 pricitepioruai.
932 4051 968 4107 do
982 4048 1108 4106 electum
1130 4046 1228 4118 ipsum
1253 4042 1375 4099 minime
1396 4041 1542 4099 sustinere
1557 4040 1587 4096 in
1602 4043 1685 4096 atate
1703 4039 1756 4095 da-

260 4135 419 4209 (Laterani,
434 4152 451 4191 v
466 4135 526 4193 lial.
540 4135 673 4207 Aprilis.)
933 4139 1052 4208 tactum,
1067 4134 1241 4192 electionem
1257 4133 1293 4188 de
1308 4131 1371 4203 ipso
1387 4130 1493 4187 laetam
1510 4133 1610 4202 utpote
1617 4126 1757 4185 canonice

90 4227 168 4283 Solet
179 4242 320 4296 annuere,
331 4230 398 4293 eta,
409 4240 494 4297 usque
514 4241 651 4294 assensu,
671 4227 708 4281 ad
729 4227 879 4300 exemplar
930 4226 1107 4285 celebratam
1127 4220 1297 4280 solemniter
1312 4217 1506 4276 eonllrmavit.
1522 4217 1576 4282 Qui
1594 4226 1692 4289 postea
1707 4233 1756 4272 re·

56 4314 544 4386 felicisrecordationisLueiipspaa
555 4315 877 4386 predecessorianostri
932 4316 1047 4390 galibus
1063 4312 1188 4385 receptis
1203 4328 1220 4365 a
1235 4325 1312 4381 rege,
1330 4308 1363 4363 nd
1382 4306 1551 4381 petitionem
1567 4306 1755 4376 ejusdemne·

55 4402 874 4476 presentiumauctoritatostatuimusutperterritorium
931 4403 1017 4479 pituli
1034 4421 1050 4460 a
1065 4399 1225 4458 venerabili
1252 4398 1340 4453 lratro
1364 4399 1464 4452 nostro
1485 4394 1670 4451 Atrebatensi
1693 4391 1755 4465 epi·

55 4493 232 4564 Pipernense
256 4491 375 4547 usuaria
399 4509 575 4562 pascuarum
595 4496 624 4547 ot
646 4491 726 4549 silvae
744 4492 877 4549 babeatis
892 4468 915 4535 D
931 4510 1020 4563 scopo
1036 4495 1072 4547 de
1088 4490 1229 4546 mandato
1254 4482 1472 4556 metropolitani
1498 4482 1626 4556 praedicti
1648 4482 1704 4538 luit
1723 4481 1754 4537 in
1837 4496 1840 4501 ·

55 4581 146 4636 libera
170 4584 199 4636 et
228 4578 328 4651 quieta
355 4578 669 4653 eiectaquadraginta
692 4585 767 4637 retro
790 4582 877 4638 annis
931 4583 1136 4657 presbyterum
1152 4578 1318 4646 ordinatus,
1343 4578 1372 4630 et
1391 4571 1564 4646 aliquandiu
1585 4571 1666 4628 nullo
1681 4587 1755 4629 cou-

57 4672 231 4725 inconcusee
252 4666 408 4723 noscimini
431 4666 583 4739 babuisse,
608 4687 641 4726 ne
656 4687 690 4726 ea
711 4686 774 4743 quis
787 4670 876 4744 largi·
930 4672 1094 4729 tradicente
1120 4668 1245 4725 liberam
1260 4670 1289 4721 et
1304 4663 1453 4739 pacillcam
1470 4667 1530 4719 tam
1546 4661 1575 4717 in
1590 4661 1754 4734 spirituali·

56 4760 134 4815 tione
150 4756 280 4814 fidelium
292 4754 336 4811 vel
352 4757 583 4815 commutatione
598 4763 647 4816 aut
663 4761 750 4817 etiam
769 4762 876 4832 empti·
930 4763 987 4819 bus
1002 4777 1091 4834 quam
1106 4759 1136 4814 in
1153 4754 1366 4827 temporalibus
1381 4750 1665 4808 administrationem
1679 4752 1755 4808 ohti-

55 4844 877 4919 oneabhominibusPipernensibustamdepeculiaribua
932 4852 997 4908 nuit
1013 4852 1041 4906 in
1059 4847 1187 4905 Ecclesia
1203 4844 1373 4900 Morinensl.
1391 4841 1472 4900 Unda
1482 4847 1686 4915 procuratores
1698 4841 1755 4915 ipsi

55 4937 315 5009 rebussuiaquam
334 4936 370 4990 de
390 4934 512 5006 publicos
531 4933 608 4990 silve
633 4937 796 5005 novalibus,
813 4956 877 5010 quae
933 4956 950 4996 a
975 4939 1058 4996 nobis
1082 4935 1234 4993 humiliter
1258 4932 1407 5006 petierunt
1423 4935 1455 4987 ut
1470 4931 1517 4987 his
1532 4930 1581 5000 qui
1604 4933 1670 5003 post
1696 4929 1755 4986 haec
1862 4954 1865 4959 ·

55 5031 149 5103 adjus
169 5033 197 5084 et
211 5026 375 5084 dominium
387 5024 464 5081 beati
476 5024 552 5081 Petri
570 5026 701 5082 noscitur
720 5029 877 5098 pertinere,
933 5029 1033 5085 omnia
1048 5026 1163 5082 invidias
1178 5022 1307 5080 stimulis
1322 5021 1434 5094 agitati,
1451 5024 1553 5076 contra
1568 5019 1677 5073 lactum
1689 5033 1757 5090 pro·

54 5117 266 5177 monasterium
278 5120 407 5171 vestrum
420 5113 595 5187 inpraesenti
607 5114 879 5187 legitimepossidet
934 5115 1031 5189 prium
1046 5119 1156 5171 temere
1179 5113 1333 5175 veniendo,
1349 5111 1490 5166 adversus
1510 5106 1633 5164 electum
1656 5109 1756 5178 ipsum

55 5216 105 5266 aut
120 5209 151 5264 in
167 5208 299 5263 futurum
313 5203 406 5277 justis
423 5202 519 5260 modis
533 5203 639 5277 poterit
650 5203 783 5277 adipisci,
796 5204 880 5260 vohis
935 5204 1088 5261 materiam
1105 5202 1260 5259 discordie
1284 5199 1427 5256 suscitare
1452 5198 1643 5268 presumunt,
1660 5193 1755 5251 silan·

54 5302 83 5354 et
111 5296 205 5353 eidem
236 5291 656 5359 monasterioccnfirmamns;
683 5291 880 5349 nihilominus
935 5292 1260 5365 tinmimponentes,et
1280 5290 1471 5343 memoratam
1499 5283 1672 5340 electionem
1695 5288 1757 5340 tam

54 5386 220 5445 sancientes
231 5387 264 5439 ut
285 5397 319 5438 oa
347 5397 411 5454 qne
435 5380 583 5453 predictis
605 5380 692 5438 rebus
708 5380 880 5454 justeuobis
935 5380 1120 5439 concorditer
1134 5379 1309 5436 celebratam
1325 5380 1353 5432 et
1368 5374 1571 5431 confirmatam
1588 5372 1758 5431 solemniter

91 5533 146 5605 (17)
159 5528 232 5584 Vide
246 5525 448 5609 supratepist.
465 5525 509 5580 39.
624 5597 690 5610 Η
824 5597 830 5608 .

92 5606 147 5675 (ta)
162 5607 233 5674 Cup.
249 5615 310 5655 eum
325 5597 428 5668 dilecti,
444 5596 484 5653 lle
497 5596 580 5655 elect.
596 5599 668 5654 Vide
683 5599 769 5669 rutra,
785 5600 871 5671 epist.
886 5598 949 5653 225.
