3780 6000
89 200 146 258 617

91 342 147 383 nae
160 326 306 404 imponis,
320 336 360 402 et,
372 351 440 394 cum
451 340 527 397 servi
536 341 706 402 iudeorum
721 345 848 418 emptitii
859 345 921 404 sive
934 349 962 417 Α

90 418 613 503 vernaculioonvertunturadtidem,
630 432 922 509 licetpretiumquod

92 522 146 577 pro
162 507 279 568 talibus
293 513 355 570 dari
370 516 467 585 debet,
484 519 513 575 in
530 537 642 579 canone
656 524 697 580 sit
712 530 855 595 taxatum,
872 542 923 597 per

584 219 844 280 murmontis
861 221 960 279 auito
976 223 1052 294 VIII,
1070 226 1214 284 marsal
1234 224 1313 283 1205.

1184 456 1405 497 sacntaetscoeo
1426 455 1597 497 enesaunt.

976 545 1135 602 Corsulerati
1148 564 1185 602 on
1202 546 1361 618 dispensare
1375 551 1465 619 posset
1478 562 1562 618 reaper
1579 542 1758 599 matrimonio
1772 540 1802 597 in

90 595 213 655 iudaeos
223 600 304 672 ipsos
316 609 432 663 tantum
448 609 521 665 tacis
535 611 571 666 de
594 612 680 669 bonis
702 616 922 688 episcopalibus
1011 629 1088 673 serto
1102 619 1355 690 consoepotnitotir
1369 619 1456 691 produ
1471 635 1521 688 per
1533 617 1722 689 ipnoroaticm
1737 627 1801 669 coe·

89 685 231 790 detineri,
247 701 394 762 quantum
405 696 461 768 ipsi
478 700 596 757 eosdem
613 719 711 760 servos
727 705 856 761 valuisse
871 706 920 761 ilr-

91 786 244 835 maverant
255 781 433 852 juramento.
448 786 540 858 Unde,
556 807 677 864 nupera
691 794 849 851 venerabili
862 796 922 851 lra-

90 869 136 923 tre
153 873 304 926 nostro...
321 873 465 948 Burgensi
480 878 618 953 episcopo

1010 693 1107 757 tracto,
1122 693 1280 762 respondet,
1300 690 1476 746 dissimulari
1490 706 1577 762 posse.
1613 760 1615 764 g

1278 805 1317 870 (vr
1332 796 1375 854 ld.
1388 796 1481 868 Maii.)

91 971 202 1013 mn,
229 957 322 1016 ,judei
380 967 385 976 -
569 969 573 979 .
622 885 921 985 ’pr⁰q¹¹⁸,d³ms⁸¹f'
1013 913 1564 986 Providipastorisexeroereolficium
1585 909 1799 984 comprobaris,

205 1001 215 1025 ·
339 967 495 1033 ⁰¹¹lusdam
510 970 627 1041 ancilla,
641 988 730 1042 quam
746 990 792 1028 vix
816 980 923 1030 asserit

89 1042 193 1101 tlscem
209 1048 321 1106 solidos
331 1050 615 1123 valuisse,ducentos
625 1077 729 1118 aureos
739 1061 826 1133 recipi
838 1080 921 1119 man·

91 1133 219 1205 (luisti,
229 1145 269 1209 et,
288 1138 367 1210 lioet,
380 1159 470 1216 snper
483 1163 518 1203 eo
529 1149 606 1221 quod
617 1149 735 1207 ludaeos
745 1157 774 1207 st
783 1153 921 1209 Sarrace-

90 1236 146 1280 nos
163 1224 207 1281 tui
224 1228 306 1300 regni
331 1233 467 1304 compelli
489 1236 525 1291 ad
556 1237 713 1296 solvendas
731 1241 863 1298 decimas
886 1242 923 1298 de

90 1314 335 1384 possessionibus
350 1337 407 1377 nun
424 1326 582 1395 permittis,
595 1326 707 1386 litteras
718 1331 768 1385 tibi
781 1330 920 1400 apostoli·

87 1402 321 1463 oasduxerimue
328 1413 584 1486 transmittendas,
593 1421 624 1472 tu
636 1423 743 1487 tamen,
755 1422 862 1477 nedum
870 1436 921 1477 eos

88 1489 216 1549 noluisti
227 1494 263 1550 ad
274 1496 457 1558 decimarum
465 1504 642 1562 solutionem
658 1508 806 1577 inducere,
818 1527 921 1568 verum

88 1580 359 1644 etiamlibsriorem
371 1591 617 1653 eisdecimasnon
627 1599 757 1655 solvendi
769 1601 919 1656 etemendi

975 1018 1041 1058 cum
1058 1003 1087 1058 in
1103 1002 1150 1060 his
1166 1021 1229 1076 qus
1243 1003 1297 1060 tibi
1312 1004 1402 1060 dubia
1413 1007 1492 1070 sunt,
1509 1006 1538 1058 et
1553 1016 1654 1073 parere
1679 1001 1800 1071 possent

975 1091 1138 1164 pericnlum
1161 1093 1339 1158 animarum,
1365 1090 1530 1166 apostolica
1555 1089 1633 1145 sedis
1656 1084 1798 1160 imploras

974 1180 1138 1248 oraculum,
1154 1181 1259 1254 ipsius,
1271 1180 1481 1248 sicutasseris,
1507 1182 1627 1251 paratus
1651 1175 1798 1232 adbsrara

973 1269 1106 1327 consiliis
1117 1275 1147 1326 et
1157 1270 1346 1342 jussionibus
1370 1269 1498 1327 obedire.
1519 1268 1608 1332 Sane,
1633 1264 1711 1322 sicut
1726 1278 1798 1336 apo·

974 1357 1095 1415 stolatui
1109 1363 1209 1415 nostro
1220 1376 1254 1414 ex
1269 1358 1375 1415 litteris
1386 1364 1442 1413 tue
1455 1354 1647 1413 fraternitatis
1657 1352 1797 1421 innotuit,

973 1447 1093 1520 quidam
1107 1447 1303 1521 parochianus
1313 1451 1393 1512 tutas,
1403 1461 1491 1502 uxore
1503 1462 1555 1500 sua
1567 1443 1645 1499 viam
1657 1442 1799 1498 universae

973 1536 1224 1609 carnisingressa,
1241 1535 1398 1591 sibialiam
1417 1532 1575 1607 copulavit,
1589 1549 1651 1604 qua
1672 1531 1702 1586 in
1719 1533 1799 1587 sexto

973 1613 1795 1692 consanguinitatisgradu,eotamenpenitusignorante,

87 1670 251 1742 ampliores
262 1681 467 1746 possessiones
479 1682 627 1741 licentiam
637 1687 918 1762 tribuisti,ut,Syna-
932 1712 957 1778 B
973 1708 1099 1781 priorem
1116 1707 1305 1779 confingebat
1321 1721 1452 1762 mmm,
1470 1707 1540 1759 cnm
1554 1707 1652 1758 ,utem
1665 1706 1796 1774 possm.

85 1773 163 1832 goga
173 1772 335 1833 crescente,
346 1768 498 1827 decrescat
517 1773 651 1841 eeclesia,
663 1781 692 1832 et
702 1776 792 1834 libere
802 1794 913 1851 prepo-

86 1851 305 1910 naturancilla.
321 1856 454 1931 Cumque
469 1861 538 1916 olim
554 1862 631 1919 idem
648 1866 845 1940 episcopusin
862 1885 914 1924 no·

85 1943 149 1994 stra
158 1947 238 1996 esset
248 1948 405 2014 prosectis
415 1952 606 2020 constitutus,
618 1960 661 2021 tu,
672 1955 807 2012 ditiorem
819 1957 914 2014 ercle-

86 2030 175 2101 aiam,
192 2049 256 2105 qne
272 2034 302 2091 in
313 2052 369 2092 sua
387 2038 504 2096 diaecesi
516 2040 688 2110 habebatur,
703 2045 755 2100 tibi
772 2062 913 2102 cumom-

87 2124 177 2182 nibus
188 2125 405 2199 pertinentibus
416 2130 594 2188 adeemdem
604 2149 763 2208 usurpans,
778 2135 911 2191 eamcui·

84 2214 153 2270 dem
170 2216 330 2271 abbatissae
340 2217 546 2276 cisterciensis
561 2221 675 2277 ordinis
684 2223 867 2290 concessisti,
884 2229 914 2281 st

85 2302 257 2375 episcopum
270 2303 381 2377 ipsum,
396 2307 535 2379 quoniam
552 2312 630 2381 apud
646 2311 782 2367 abbatem
802 2314 912 2369 cister·

84 2391 216 2450 triensem
233 2400 365 2451 moverat
379 2401 481 2452 contra
495 2397 589 2470 ipsam
615 2400 795 2457 abbatissam
823 2418 914 2473 super

84 2482 190 2539 udam
203 2480 325 2540 ecclesia
337 2490 542 2557 questionem,
558 2489 727 2559 compulisti
743 2490 778 2546 ad
803 2491 912 2547 contir-

84 2571 246 2629 mationem
262 2574 462 2631 concessionis
478 2575 569 2645 illius,
586 2582 689 2634 ettam
705 2578 804 2651 ipsum
822 2580 910 2636 stiam

83 2676 173 2733 quem
182 2661 339 2719 canonicos
353 2663 429 2734 ejus,
438 2665 474 2720 ad
482 2667 701 2723 concessionem
714 2667 907 2740 ipsiuseocls-

84 2750 146 2817 site,
162 2756 192 2807 st
207 2754 242 2807 ad
258 2751 420 2809 taciendam
437 2755 608 2811 canonicam
626 2757 797 2825 abatissam,
821 2756 911 2811 minis

85 2844 115 2895 et
124 2840 291 2897 terroribus
312 2841 465 2899 induxisti.
491 2845 649 2901 Ecclesiam
675 2862 793 2918 qtrcque
811 2846 910 2901 Sancti

82 2928 195 2986 tuliani
212 2929 249 2985 de
263 2929 357 2995 Mena,
374 2947 462 3002 quam
479 2933 708 3005 prodecessores
731 2935 827 3008 ipsius
851 2940 910 2991 ate

85 3034 139 3089 pro
152 3016 235 3073 mille
249 3018 441 3076 marabotinis
458 3023 653 3092 redemerant,
670 3024 831 3096 occupasti,
847 3039 909 3080 eam

969 1799 1087 1854 dumea
1109 1796 1250 1853 relatione
1273 1796 1481 1867 quorumdam,
1502 1794 1555 1849 boc
1578 1793 1613 1847 ad
1639 1790 1796 1864 utriusque

968 1887 1104 1944 notitiem
1117 1885 1306 1959 pervenisset,
1322 1883 1400 1947 licet,
1416 1887 1554 1953 suscepte
1571 1879 1659 1953 prole,
1668 1881 1731 1950 jam
1747 1879 1795 1937 iu-

968 1974 1058 2034 simul
1073 1975 1200 2031 triennio
1215 1972 1460 2047 permansissent,
1475 1976 1559 2026 tuum
1576 1975 1657 2034 tuno,
1669 1974 1794 2040 etperte

968 2072 1115 2134 nostrum,
1126 2062 1279 2120 humiliter
1288 2061 1445 2120 consilium
1458 2059 1656 2132 postularunt.
1667 2057 1726 2113 Nos
1740 2056 1794 2130 igi·

967 2160 1026 2224 tur,
1039 2155 1214 2212 fraternitati
1223 2160 1278 2211 tua
1291 2151 1689 2223 duximusrespondendum,
1701 2148 1793 2220 quod,

967 2238 1793 2315 nisialiudimpedimentumobsistat,dissimularepotes,

968 2341 1002 2391 ut
1016 2335 1045 2390 in
1060 2335 1166 2407 copula
1182 2335 1226 2392 sic
1242 2350 1294 2408 per
1305 2331 1502 2406 ignorantiam
1514 2328 1793 2401 contractadiepen·

966 2424 1358 2480 sativevaleantremanere.

1002 2512 1108 2570 Datum
1123 2530 1152 2568 v1
1168 2512 1238 2569 idus
1254 2511 1334 2568 Maii.

1345 2644 1404 2701 Lll.

1128 2749 1358 2790 eacsrseascoro
1374 2749 1529 2789 asservasse
1542 2733 1627 2805 (titi).

1002 2833 1162 2903 indulcetur
1176 2831 1247 2905 quod
1262 2831 1354 2888 visitet
1366 2830 1540 2903 prouinciam
1559 2830 1742 2887 §monentem
1764 2837 1792 2885 et

1228 2906 1351 2973 corripat
1364 2903 1535 2973 corripeodo.

1277 2996 1320 3064 <av
1336 2992 1378 3047 ld.
1395 2991 1487 3063 Maii.)

82 3105 124 3163 illi
142 3107 299 3163 restituere
314 3111 525 3179 contradicens,
541 3114 689 3184 nequevis
704 3114 909 3185 Burgensillc·
928 3080 949 3148 c
1000 3110 1083 3177 Quia,
1093 3108 1199 3165 seculo
1211 3112 1408 3175 senescentes,
1418 3103 1791 3179 insuasegnesoitmedita-

84 3194 184 3252 clasiae
196 3196 266 3251 dare
277 3196 451 3255 decimasds
462 3204 662 3271 proventibus,
675 3204 725 3275 qui
736 3204 787 3260 tibi
800 3221 834 3258 ex
844 3204 911 3259 dim·
966 3199 1045 3256 tione
1060 3198 1160 3265 Maria,
1175 3203 1214 3267 et,
1235 3198 1265 3252 in
1289 3196 1399 3253 sororis
1424 3194 1566 3253 auxilium
1591 3195 1791 3261 inardescens,

85 3285 147 3341 sesi
163 3284 308 3357 Burgensi
320 3288 504 3359 proveniunt,
521 3290 588 3346 licet
597 3293 797 3364 progenitores
809 3292 851 3348 tui
863 3309 912 3348 eas
965 3290 1085 3346 Marthae
1095 3287 1512 3361 negotiisoooupatur,cogunt
1523 3284 1791 3356 nosoccupetiones

85 3375 295 3430 consueverint
309 3376 456 3433 exhibere.
472 3379 613 3436 Abbatem
630 3383 718 3437 etiam
744 3388 772 3438 et
791 3383 913 3439 clericos
966 3378 1103 3445 assidua,
1122 3377 1231 3450 quibus
1244 3377 1273 3431 in
1290 3376 1345 3432 boc
1365 3377 1468 3431 mundi
1482 3391 1603 3446 vespere
1618 3373 1685 3445 plus
1703 3372 1791 3428 solito

84 3462 122 3519 de
137 3462 325 3532 Coearuvias,
342 3467 392 3536 qui
403 3467 497 3524 eidem
512 3469 651 3542 episcopo
667 3471 791 3527 rebelles
806 3477 835 3527 et
849 3472 913 3526 ino·
965 3469 1114 3541 angimur,
1129 3472 1157 3522 et
1179 3466 1285 3522 lortius
1303 3482 1390 3537 quam
1417 3466 1560 3520 hactenus
1585 3477 1793 3534 aggravamur,

84 3552 390 3620 bedientesexistunt,
404 3556 433 3611 in
444 3573 497 3613 suo
508 3575 606 3615 errore
619 3561 765 3626 delendis,
782 3562 913 3632 praebens
966 3557 1026 3612 illis
1041 3555 1224 3612 committere
1239 3554 1316 3610 vices
1342 3559 1472 3621 nostras,
1498 3553 1561 3624 qui,
1584 3569 1651 3608 cum
1676 3557 1747 3607 aunt
1761 3549 1791 3605 in

84 3642 129 3699 eis
146 3641 289 3698 auxilium
305 3651 408 3700 contra
424 3644 521 3702 illum.
537 3648 612 3720 (2⁴5)
628 3653 669 3705 Ne
684 3651 786 3723 igitur,
800 3650 913 3706 charis·
967 3650 1080 3718 partem
1096 3650 1202 3701 nostre
1217 3642 1428 3699 sollicitudinis
1439 3642 1559 3709 evocati,
1581 3640 1723 3696 talentum
1735 3638 1793 3695 sibi
1844 3656 1848 3667 ·

86 3731 204 3787 eimein
213 3732 328 3788 Christo
339 3733 391 3801 fili,
401 3735 630 3794 eeclesiasticam
643 3740 805 3796 libertatem
817 3739 913 3811 depri·
967 3735 1112 3791 creditum
1123 3750 1180 3790 non
1193 3733 1323 3805 ligantia
1345 3732 1476 3797 sudario,
1493 3731 1543 3787 sed
1561 3735 1684 3802 erogant
1695 3730 1792 3802 potius

87 3836 182 3887 mm,
198 3824 227 3876 θῑ
241 3820 436 3894 synagogam,
453 3828 648 3883 acltoskitsm
660 3828 797 3885 extollere
815 3829 913 3885 videa·
966 3825 1003 3879 ad
1020 3840 1136 3891 usuras,
1152 3827 1182 3878 et
1195 3823 1224 3878 in
1241 3837 1367 3893 quorum
1383 3836 1433 3876 ore
1449 3837 1506 3876 non
1523 3824 1568 3876 est
1586 3819 1707 3874 verbnm
1733 3817 1791 3874 Do·

88 3909 143 3976 ris,
158 3910 289 3982 nequein
300 3911 470 3980 Ecclesiam,
480 3932 622 3987 sponsam
631 3917 754 3988 Christi,
764 3924 815 3974 aut
827 3918 915 3973 mini·
967 3913 1040 3971 mini
1056 3913 1219 3986 alligatum,
1231 3913 1280 3968 sed
1296 3916 1429 3967 eructare
1443 3915 1553 3966 norunt
1564 3909 1790 3981 potiusverbum

88 4004 169 4055 stroe
185 3998 280 4071 ipsius
295 4017 430 4058 exerceas
446 4020 509 4075 qnae
520 4010 576 4061 tua,
593 4006 658 4061 fidei
674 4008 829 4077 puritatem
845 4009 915 4064 ottu-
967 4004 1090 4068 bonum,
1106 4007 1135 4059 et
1150 4003 1186 4057 de
1200 4001 1339 4057 thesauro
1349 4000 1445 4055 cordis
1461 3999 1508 4054 aui
1519 4004 1577 4055 tam
1589 4003 1687 4054 vetera
1702 4012 1791 4068 quam

89 4092 188 4153 noent,
199 4089 384 4147 serenitatem
401 4093 511 4164 regiam
528 4111 683 4152 monemus
698 4096 727 4151 in
751 4097 873 4152 Domino
887 4099 916 4153 et
969 4109 1043 4149 nova
1057 4092 1195 4164 prolerre.
1213 4089 1253 4145 Da
1267 4089 1393 4145 scientia
1406 4087 1498 4161 igitur
1512 4087 1725 4143 etdiscretione
1741 4091 1793 4141 tua

92 4177 260 4244 hortamur,
271 4185 418 4250 quatenus
432 4184 568 4254 praedicta
583 4185 683 4241 omnia
698 4191 727 4242 et
742 4186 771 4240 in
784 4191 811 4242 te
823 4186 915 4241 corri·
968 4186 1049 4239 tanto
1062 4178 1189 4251 emplius
1200 4178 1391 4245 confidentes,
1401 4175 1792 4248 quentolsmiliariusetlre·

90 4281 147 4338 gas
163 4283 214 4338 per
228 4272 256 4324 te
271 4268 382 4339 ipsum,
397 4276 426 4326 et
443 4271 473 4327 in
489 4271 554 4328 aliis
575 4274 680 4346 corrigi
702 4291 841 4331 concessa
864 4274 916 4331 tibi
968 4269 1107 4342 quantine
1122 4268 1152 4322 in
1168 4266 1269 4322 multis
1284 4283 1390 4322 sumus
1403 4271 1431 4321 et
1458 4266 1573 4333 magnis
1595 4263 1717 4335 experti,
1740 4260 1793 4317 toti

91 4353 917 4435 iaciaspotestate.alioquimquantumcunquepersonam
968 4357 1127 4414 &nonensi
1146 4356 1301 4427 provincie
1317 4354 1348 4410 in
1364 4360 1392 4410 te
1407 4354 1549 4408 duximus
1567 4351 1793 4417 consulendum,

90 4446 174 4499 tuam
191 4443 220 4499 in
239 4447 359 4501 Domino
374 4448 545 4520 diligamus,
561 4451 630 4522 quia
645 4450 835 4508 eeclesiarum
860 4471 913 4526 op·
932 4445 957 4509 Ι)
973 4444 1110 4519 praesessli
1127 4443 1179 4498 libi
1195 4443 1302 4515 pasin&
1314 4441 1512 4514 indulgente&
1524 4446 1681 4512 (intimum
1697 4443 1797 4495 ⁸⁰⁰l0·

91 4533 481 4607 pressionem‚quarumest
496 4539 657 4597 nobiscum
672 4543 843 4612 commissa,
856 4543 915 4616 pati
972 4536 1059 4591 rllfllO
1076 4550 1132 4589 ⁰011
1152 4539 1211 4587 lam
1237 4537 1289 4587 [¹1⁸
1312 4548 1401 4604 (1¹1⁸OE
1425 4535 1537 4596 ssosstffls
1558 4530 1615 4601 ipsi
1640 4526 1796 4601 prOVilwlss

93 4621 238 4679 nolumus
253 4641 305 4681 neo
320 4625 472 4691 debemus,
484 4632 516 4683 ut
541 4628 601 4700 regi
623 4629 681 4686 lico
706 4631 804 4702 potius
829 4649 916 4704 quam
970 4624 1102 4681 olficium
1117 4621 1295 4678 visitationis
1311 4620 1477 4692 impendas,
1490 4619 1640 4691 corrigens
1656 4634 1720 4688 que
1736 4632 1797 4673 eor·

92 4700 156 4773 regi
172 4701 284 4758 borbini
295 4706 849 4772 deteramus,venerabilibusiretribus
865 4730 916 4770 no·
971 4714 1109 4787 rigandus
1124 4709 1305 4783 cognoveris,
1321 4714 1350 4766 et
1364 4714 1499 4766 statuens
1514 4725 1579 4780 que
1602 4709 1711 4764 videris
1736 4711 1796 4763 sta·

91 4790 212 4847 stris...
228 4790 361 4861 Oscensi,
372 4800 445 4851 et....
463 4797 649 4854 tirasonensi
666 4800 861 4872 episeopis,et
872 4802 917 4858 di·
972 4803 1100 4870 tuenda;
1117 4815 1243 4873 cunique
1255 4815 1339 4856 nemo
1355 4803 1477 4870 cogatur
1491 4800 1554 4853 suis
1569 4795 1726 4869 stipendiis
1742 4794 1797 4850 mi·

91 4878 255 4944 tertullio,
271 4882 381 4939 decano
396 4885 594 4952 Tirasonensi,
620 4889 730 4945 nostris
750 4889 854 4947 litteris
866 4909 919 4949 nos
973 4892 1068 4960 litare,
1086 4906 1181 4946 necas
1197 4888 1235 4943 sit
1247 4888 1311 4944 bovi
1328 4886 1480 4942 trituranti
1501 4886 1710 4952 claudendum,
1730 4898 1797 4955 pro·

92 4969 749 5049 noverisinjunxrese‚utteadbujusmodiper
764 4996 918 5037 censuram
974 4984 1141 5036 curationes
1157 4978 1284 5049 accipias
1297 4977 1483 5042 moderatas3
1505 4978 1534 5030 et
1557 4974 1708 5040 beneficia,
1734 4986 1798 5043 quse

94 5059 339 5128 eeclesiasticam,
356 5063 555 5136 appellatione
570 5074 682 5125 remota
697 5068 884 5140 compellant.
975 5073 1057 5124 tanto
1070 5066 1240 5139 temporeis
1256 5064 1391 5121 ecclesiis
1412 5064 1546 5136 ejusdem
1571 5061 1726 5134 provincias
1748 5075 1798 5115 va·

133 5147 289 5218 nasama,
305 5151 403 5210 Nonas
418 5155 494 5211 Maii.
976 5154 1346 5229 carecontigerit,quodad
1356 5154 1583 5209 nossscundum
1596 5147 1802 5208 Lateranensis

977 5252 1090 5305 statuta
1104 5244 1221 5302 concilii
1231 5259 1333 5299 earum
1343 5243 1461 5299 donatio
1472 5241 1652 5309 devolvatur,
1664 5256 1727 5312 que
1738 5239 1802 5310 jam

978 5336 1081 5394 tandiu
1092 5350 1241 5398 vacavere,
1254 5332 1369 5388 idoneis
1387 5332 1520 5404 persenis
1535 5331 1680 5403 assignes,
1696 5325 1805 5386 exami-

1015 5424 1091 5498 (tte)
1106 5423 1179 5480 Vide
1192 5420 1348 5493 epistolam
1365 5420 1432 5475 libri
1448 5420 1525 5477 tertii
1537 5421 1583 5491 ⁴5,
1599 5425 1660 5477 not.

134 5544 212 5617 (245)
223 5546 289 5605 tlaec
304 5550 382 5623 apud
399 5552 594 5624 Raynaldum.

260 5669 395 5734 Parnon.
416 5671 526 5735 CCXV.
1614 5666 1661 5720 ‘m
