<?xml version="1.0" encoding="UTF-8"?>
<!DOCTYPE html PUBLIC "-//W3C//DTD XHTML 1.0 Transitional//EN"
    "http://www.w3.org/TR/xhtml1/DTD/xhtml1-transitional.dtd">
<html xmlns="http://www.w3.org/1999/xhtml" xml:lang="en" lang="en">
 <head>
  <title>
</title>
<meta http-equiv="Content-Type" content="text/html;charset=utf-8" />
  <meta name='ocr-system' content='tesseract 3.04.00' />
  <meta name='ocr-capabilities' content='ocr_page ocr_carea ocr_par ocr_line ocrx_word'/>
</head>
<body>
  <div class='ocr_page' id='page_1' title='image "./patrologiaecurs41unkngoog_0055.png"; bbox 0 0 3780 6000; ppageno 0'>
   <div class='ocr_carea' id='block_1_1' title="bbox 557 150 1801 257">
    <p class='ocr_par' dir='ltr' id='par_1_1' title="bbox 557 150 1801 257">
     <span class='ocr_line' id='line_1_1' title="bbox 557 150 1801 257; baseline 0.003 -7"><span class='ocrx_word' id='word_1_1' title='bbox 557 191 798 253; x_wconf 83' lang='lat' dir='ltr'><strong>ianoesuruiu</strong></span> <span class='ocrx_word' id='word_1_2' title='bbox 821 193 846 245; x_wconf 90' lang='lat'><strong>11</strong></span> <span class='ocrx_word' id='word_1_3' title='bbox 864 192 919 244; x_wconf 85' lang='lat' dir='ltr'><strong>rr.</strong></span> <span class='ocrx_word' id='word_1_4' title='bbox 940 150 1186 245; x_wconf 75' lang='lat' dir='ltr'><strong>anbrsroauu</strong></span> <span class='ocrx_word' id='word_1_5' title='bbox 1205 188 1272 245; x_wconf 86' lang='lat' dir='ltr'><strong>cio.</strong></span> <span class='ocrx_word' id='word_1_6' title='bbox 1293 191 1344 250; x_wconf 86' lang='lat' dir='ltr'><strong>vr.</strong></span> <span class='ocrx_word' id='word_1_7' title='bbox 1412 153 1415 157; x_wconf 36' lang='lat'><strong><em>⁵</em></strong></span> <span class='ocrx_word' id='word_1_8' title='bbox 1766 199 1801 257; x_wconf 89' lang='lat' dir='ltr'><strong>io</strong></span> 
     </span>
    </p>
   </div>
   <div class='ocr_carea' id='block_1_2' title="bbox 84 308 1798 1818">
    <p class='ocr_par' dir='ltr' id='par_1_2' title="bbox 924 308 1792 560">
     <span class='ocr_line' id='line_1_2' title="bbox 924 308 1792 393; baseline 0.016 -29"><span class='ocrx_word' id='word_1_9' title='bbox 924 308 1146 378; x_wconf 63' lang='lat' dir='ltr'><strong>Aconstitutis,</strong></span> <span class='ocrx_word' id='word_1_10' title='bbox 1167 308 1224 382; x_wconf 91' lang='lat' dir='ltr'><strong>ipsi</strong></span> <span class='ocrx_word' id='word_1_11' title='bbox 1240 312 1422 372; x_wconf 85' lang='lat' dir='ltr'><strong>subdiacono</strong></span> <span class='ocrx_word' id='word_1_12' title='bbox 1442 314 1499 373; x_wconf 87' lang='lat' dir='ltr'><strong>tuit</strong></span> <span class='ocrx_word' id='word_1_13' title='bbox 1524 316 1684 391; x_wconf 73' lang='lat' dir='ltr'><strong>obtectum,</strong></span> <span class='ocrx_word' id='word_1_14' title='bbox 1711 321 1792 393; x_wconf 87' lang='lat' dir='ltr'><strong>quod</strong></span> 
     </span>
     <span class='ocr_line' id='line_1_3' title="bbox 967 399 1790 482; baseline 0.017 -29"><span class='ocrx_word' id='word_1_15' title='bbox 967 414 1073 455; x_wconf 89' lang='lat' dir='ltr'><strong>manus</strong></span> <span class='ocrx_word' id='word_1_16' title='bbox 1101 399 1245 470; x_wconf 73' lang='lat' dir='ltr'><strong>iniecerat</strong></span> <span class='ocrx_word' id='word_1_17' title='bbox 1260 401 1290 457; x_wconf 92' lang='lat' dir='ltr'><strong>in</strong></span> <span class='ocrx_word' id='word_1_18' title='bbox 1318 402 1628 475; x_wconf 84' lang='lat' dir='ltr'><strong>clericumviolentae,</strong></span> <span class='ocrx_word' id='word_1_19' title='bbox 1653 414 1683 466; x_wconf 89' lang='lat' dir='ltr'><strong>et</strong></span> <span class='ocrx_word' id='word_1_20' title='bbox 1711 412 1790 482; x_wconf 90' lang='lat' dir='ltr'><strong>quod</strong></span> 
     </span>
     <span class='ocr_line' id='line_1_4' title="bbox 966 488 1791 560; baseline 0.018 -18"><span class='ocrx_word' id='word_1_21' title='bbox 966 488 1229 560; x_wconf 86' lang='lat' dir='ltr'><strong>nonsuppetebaat</strong></span> <span class='ocrx_word' id='word_1_22' title='bbox 1239 491 1368 547; x_wconf 77' lang='lat' dir='ltr'><strong>ecclesie</strong></span> <span class='ocrx_word' id='word_1_23' title='bbox 1376 493 1541 555; x_wconf 77' lang='lat' dir='ltr'><strong>facultates.</strong></span> <span class='ocrx_word' id='word_1_24' title='bbox 1552 495 1660 554; x_wconf 88' lang='lat' dir='ltr'><strong>Verum</strong></span> <span class='ocrx_word' id='word_1_25' title='bbox 1668 499 1791 557; x_wconf 87' lang='lat' dir='ltr'><strong>subdia·</strong></span> 
     </span>
    </p>

    <p class='ocr_par' dir='ltr' id='par_1_3' title="bbox 401 568 1794 654">
     <span class='ocr_line' id='line_1_5' title="bbox 401 568 1794 654; baseline 0.017 -31"><span class='ocrx_word' id='word_1_26' title='bbox 401 568 591 624; x_wconf 79' lang='lat' dir='ltr'><strong><em>commendat.</em></strong></span> <span class='ocrx_word' id='word_1_27' title='bbox 966 575 1794 654; x_wconf 78' lang='lat' dir='ltr'><strong>conus,ipse,cumadprobandaminjectionemmanuum</strong></span> 
     </span>
    </p>

    <p class='ocr_par' dir='ltr' id='par_1_4' title="bbox 302 654 1795 735">
     <span class='ocr_line' id='line_1_6' title="bbox 302 654 1795 735; baseline 0.015 -22"><span class='ocrx_word' id='word_1_28' title='bbox 302 658 472 731; x_wconf 79' lang='lat' dir='ltr'>(Ferentini,</span> <span class='ocrx_word' id='word_1_29' title='bbox 483 673 530 712; x_wconf 85' lang='lat' dir='ltr'><strong>xii</strong></span> <span class='ocrx_word' id='word_1_30' title='bbox 546 657 606 712; x_wconf 82' lang='lat' dir='ltr'><strong>ital.</strong></span> <span class='ocrx_word' id='word_1_31' title='bbox 622 654 692 711; x_wconf 76' lang='lat' dir='ltr'><strong>Jbiii</strong></span> <span class='ocrx_word' id='word_1_32' title='bbox 966 665 1159 724; x_wconf 82' lang='lat' dir='ltr'><strong>violentarum</strong></span> <span class='ocrx_word' id='word_1_33' title='bbox 1175 672 1290 725; x_wconf 90' lang='lat' dir='ltr'><strong>tantum</strong></span> <span class='ocrx_word' id='word_1_34' title='bbox 1313 674 1403 728; x_wconf 89' lang='lat' dir='ltr'><strong>testes</strong></span> <span class='ocrx_word' id='word_1_35' title='bbox 1418 673 1454 729; x_wconf 92' lang='lat' dir='ltr'><strong>de</strong></span> <span class='ocrx_word' id='word_1_36' title='bbox 1469 673 1572 730; x_wconf 88' lang='lat' dir='ltr'><strong>auditu</strong></span> <span class='ocrx_word' id='word_1_37' title='bbox 1588 675 1702 733; x_wconf 90' lang='lat' dir='ltr'><strong>inducti</strong></span> <span class='ocrx_word' id='word_1_38' title='bbox 1722 678 1795 735; x_wconf 88' lang='lat' dir='ltr'><strong>luis·</strong></span> 
     </span>
    </p>

    <p class='ocr_par' dir='ltr' id='par_1_5' title="bbox 84 758 1798 1638">
     <span class='ocr_line' id='line_1_7' title="bbox 118 758 1796 837; baseline 0.001 -14"><span class='ocrx_word' id='word_1_39' title='bbox 118 768 237 834; x_wconf 82' lang='lat' dir='ltr'><strong>Quanto</strong></span> <span class='ocrx_word' id='word_1_40' title='bbox 268 766 408 837; x_wconf 72' lang='lat' dir='ltr'><strong>maiorem</strong></span> <span class='ocrx_word' id='word_1_41' title='bbox 438 763 497 831; x_wconf 90' lang='lat' dir='ltr'><strong>ille,</strong></span> <span class='ocrx_word' id='word_1_42' title='bbox 515 779 566 836; x_wconf 91' lang='lat' dir='ltr'><strong>per</strong></span> <span class='ocrx_word' id='word_1_43' title='bbox 580 778 667 835; x_wconf 87' lang='lat' dir='ltr'><strong>quem</strong></span> <span class='ocrx_word' id='word_1_44' title='bbox 684 777 766 833; x_wconf 86' lang='lat' dir='ltr'><strong>reges</strong></span> <span class='ocrx_word' id='word_1_45' title='bbox 787 762 911 834; x_wconf 87' lang='lat' dir='ltr'><strong>regnarit</strong></span> <span class='ocrx_word' id='word_1_46' title='bbox 967 758 1042 822; x_wconf 90' lang='lat' dir='ltr'><strong>sent,</strong></span> <span class='ocrx_word' id='word_1_47' title='bbox 1060 758 1264 829; x_wconf 88' lang='lat' dir='ltr'><strong>purgationem</strong></span> <span class='ocrx_word' id='word_1_48' title='bbox 1281 775 1340 816; x_wconf 82' lang='lat' dir='ltr'><strong>sua</strong></span> <span class='ocrx_word' id='word_1_49' title='bbox 1355 761 1529 819; x_wconf 81' lang='lat' dir='ltr'><strong>innocentia</strong></span> <span class='ocrx_word' id='word_1_50' title='bbox 1545 766 1796 836; x_wconf 80' lang='lat' dir='ltr'><strong>presentavit30t</strong></span> 
     </span>
     <span class='ocr_line' id='line_1_8' title="bbox 84 844 1795 928; baseline 0.003 -20"><span class='ocrx_word' id='word_1_51' title='bbox 84 860 116 911; x_wconf 88' lang='lat' dir='ltr'><strong>et</strong></span> <span class='ocrx_word' id='word_1_52' title='bbox 133 855 282 928; x_wconf 91' lang='lat' dir='ltr'><strong>principes</strong></span> <span class='ocrx_word' id='word_1_53' title='bbox 298 854 497 922; x_wconf 77' lang='lat' dir='ltr'><strong>dominantur,</strong></span> <span class='ocrx_word' id='word_1_54' title='bbox 511 853 588 907; x_wconf 88' lang='lat' dir='ltr'><strong>inter</strong></span> <span class='ocrx_word' id='word_1_55' title='bbox 602 851 736 907; x_wconf 88' lang='lat' dir='ltr'><strong>homiues</strong></span> <span class='ocrx_word' id='word_1_56' title='bbox 745 849 798 906; x_wconf 89' lang='lat' dir='ltr'><strong>tibi</strong></span> <span class='ocrx_word' id='word_1_57' title='bbox 814 855 914 906; x_wconf 90' lang='lat' dir='ltr'><strong>contu·</strong></span> <span class='ocrx_word' id='word_1_58' title='bbox 967 844 1036 900; x_wconf 89' lang='lat' dir='ltr'><strong>licet</strong></span> <span class='ocrx_word' id='word_1_59' title='bbox 1050 861 1101 918; x_wconf 92' lang='lat' dir='ltr'><strong>per</strong></span> <span class='ocrx_word' id='word_1_60' title='bbox 1112 850 1201 903; x_wconf 90' lang='lat' dir='ltr'><strong>testes</strong></span> <span class='ocrx_word' id='word_1_61' title='bbox 1217 848 1309 920; x_wconf 88' lang='lat' dir='ltr'><strong>partis</strong></span> <span class='ocrx_word' id='word_1_62' title='bbox 1323 851 1529 908; x_wconf 77' lang='lat' dir='ltr'><strong>ostenderetur</strong></span> <span class='ocrx_word' id='word_1_63' title='bbox 1544 854 1686 925; x_wconf 84' lang='lat' dir='ltr'><strong>aduersae,</strong></span> <span class='ocrx_word' id='word_1_64' title='bbox 1702 856 1795 913; x_wconf 93' lang='lat' dir='ltr'><strong>eccle-</strong></span> 
     </span>
     <span class='ocr_line' id='line_1_9' title="bbox 94 935 1795 1018; baseline 0.008 -17"><span class='ocrx_word' id='word_1_65' title='bbox 94 945 118 1000; x_wconf 93' lang='lat' dir='ltr'><strong>it</strong></span> <span class='ocrx_word' id='word_1_66' title='bbox 140 949 327 1016; x_wconf 87' lang='lat' dir='ltr'><strong>potestatem,</strong></span> <span class='ocrx_word' id='word_1_67' title='bbox 344 948 425 999; x_wconf 88' lang='lat' dir='ltr'><strong>tanto</strong></span> <span class='ocrx_word' id='word_1_68' title='bbox 442 941 579 998; x_wconf 88' lang='lat' dir='ltr'><strong>ecclesias</strong></span> <span class='ocrx_word' id='word_1_69' title='bbox 594 945 622 997; x_wconf 90' lang='lat' dir='ltr'><strong>et</strong></span> <span class='ocrx_word' id='word_1_70' title='bbox 637 940 817 996; x_wconf 76' lang='lat' dir='ltr'><strong>monasterie</strong></span> <span class='ocrx_word' id='word_1_71' title='bbox 833 939 914 1012; x_wconf 90' lang='lat' dir='ltr'><strong>regni</strong></span> <span class='ocrx_word' id='word_1_72' title='bbox 968 935 1018 990; x_wconf 82' lang='lat' dir='ltr'><strong>sia</strong></span> <span class='ocrx_word' id='word_1_73' title='bbox 1034 951 1091 991; x_wconf 92' lang='lat' dir='ltr'><strong>uon</strong></span> <span class='ocrx_word' id='word_1_74' title='bbox 1108 941 1263 1008; x_wconf 81' lang='lat' dir='ltr'><strong>suppetere</strong></span> <span class='ocrx_word' id='word_1_75' title='bbox 1279 939 1444 1008; x_wconf 64' lang='lat' dir='ltr'><strong>fatuitates.</strong></span> <span class='ocrx_word' id='word_1_76' title='bbox 1456 941 1716 1001; x_wconf 64' lang='lat' dir='ltr'><strong>blidtssittitmen</strong></span> <span class='ocrx_word' id='word_1_77' title='bbox 1727 961 1795 1018; x_wconf 90' lang='lat' dir='ltr'><strong>pro·</strong></span> 
     </span>
     <span class='ocr_line' id='line_1_10' title="bbox 87 1024 1796 1107; baseline 0.003 -21"><span class='ocrx_word' id='word_1_78' title='bbox 87 1033 131 1088; x_wconf 92' lang='lat' dir='ltr'><strong>tui</strong></span> <span class='ocrx_word' id='word_1_79' title='bbox 146 1034 176 1089; x_wconf 92' lang='lat' dir='ltr'><strong>in</strong></span> <span class='ocrx_word' id='word_1_80' title='bbox 193 1033 302 1107; x_wconf 87' lang='lat' dir='ltr'><strong>quibus</strong></span> <span class='ocrx_word' id='word_1_81' title='bbox 314 1048 364 1104; x_wconf 87' lang='lat' dir='ltr'><strong>pro</strong></span> <span class='ocrx_word' id='word_1_82' title='bbox 378 1031 453 1086; x_wconf 87' lang='lat' dir='ltr'><strong>vivis</strong></span> <span class='ocrx_word' id='word_1_83' title='bbox 469 1047 502 1086; x_wconf 89' lang='lat' dir='ltr'><strong>ac</strong></span> <span class='ocrx_word' id='word_1_84' title='bbox 517 1029 665 1086; x_wconf 83' lang='lat' dir='ltr'><strong>defunctis</strong></span> <span class='ocrx_word' id='word_1_85' title='bbox 680 1029 799 1084; x_wconf 89' lang='lat' dir='ltr'><strong>assidue</strong></span> <span class='ocrx_word' id='word_1_86' title='bbox 817 1028 913 1084; x_wconf 83' lang='lat' dir='ltr'><strong>Domi·</strong></span> <span class='ocrx_word' id='word_1_87' title='bbox 966 1024 1048 1079; x_wconf 85' lang='lat' dir='ltr'><strong>berit</strong></span> <span class='ocrx_word' id='word_1_88' title='bbox 1070 1029 1200 1094; x_wconf 87' lang='lat' dir='ltr'><strong>econtra,</strong></span> <span class='ocrx_word' id='word_1_89' title='bbox 1225 1029 1316 1100; x_wconf 88' lang='lat' dir='ltr'><strong>quod,</strong></span> <span class='ocrx_word' id='word_1_90' title='bbox 1340 1035 1499 1101; x_wconf 88' lang='lat' dir='ltr'><strong>postquam</strong></span> <span class='ocrx_word' id='word_1_91' title='bbox 1523 1048 1613 1103; x_wconf 91' lang='lat' dir='ltr'><strong>super</strong></span> <span class='ocrx_word' id='word_1_92' title='bbox 1628 1034 1796 1105; x_wconf 77' lang='lat' dir='ltr'><strong>receptione</strong></span> 
     </span>
     <span class='ocr_line' id='line_1_11' title="bbox 88 1112 1798 1194; baseline 0 -15"><span class='ocrx_word' id='word_1_93' title='bbox 88 1139 147 1179; x_wconf 90' lang='lat' dir='ltr'><strong>nus</strong></span> <span class='ocrx_word' id='word_1_94' title='bbox 162 1127 309 1191; x_wconf 83' lang='lat' dir='ltr'><strong>exoratur,</strong></span> <span class='ocrx_word' id='word_1_95' title='bbox 326 1119 483 1192; x_wconf 82' lang='lat' dir='ltr'><strong>benignius</strong></span> <span class='ocrx_word' id='word_1_96' title='bbox 498 1119 587 1175; x_wconf 88' lang='lat' dir='ltr'><strong>debes</strong></span> <span class='ocrx_word' id='word_1_97' title='bbox 598 1125 627 1176; x_wconf 88' lang='lat' dir='ltr'><strong>st</strong></span> <span class='ocrx_word' id='word_1_98' title='bbox 638 1118 800 1174; x_wconf 86' lang='lat' dir='ltr'><strong>studiosius</strong></span> <span class='ocrx_word' id='word_1_99' title='bbox 815 1117 913 1174; x_wconf 91' lang='lat' dir='ltr'><strong>conlo·</strong></span> <span class='ocrx_word' id='word_1_100' title='bbox 968 1112 1064 1185; x_wconf 89' lang='lat' dir='ltr'><strong>ipsius</strong></span> <span class='ocrx_word' id='word_1_101' title='bbox 1079 1115 1272 1186; x_wconf 88' lang='lat' dir='ltr'><strong>apostolicum</strong></span> <span class='ocrx_word' id='word_1_102' title='bbox 1289 1119 1461 1175; x_wconf 90' lang='lat' dir='ltr'><strong>mandalum</strong></span> <span class='ocrx_word' id='word_1_103' title='bbox 1477 1127 1658 1192; x_wconf 86' lang='lat' dir='ltr'><strong>receperant,</strong></span> <span class='ocrx_word' id='word_1_104' title='bbox 1670 1128 1798 1194; x_wconf 89' lang='lat' dir='ltr'><strong>quatuor</strong></span> 
     </span>
     <span class='ocr_line' id='line_1_12' title="bbox 88 1201 1797 1284; baseline 0.001 -18"><span class='ocrx_word' id='word_1_105' title='bbox 88 1228 166 1282; x_wconf 89' lang='lat' dir='ltr'><strong>vere,</strong></span> <span class='ocrx_word' id='word_1_106' title='bbox 183 1215 215 1267; x_wconf 92' lang='lat' dir='ltr'><strong>ut</strong></span> <span class='ocrx_word' id='word_1_107' title='bbox 230 1211 284 1266; x_wconf 89' lang='lat' dir='ltr'><strong>viri</strong></span> <span class='ocrx_word' id='word_1_108' title='bbox 301 1210 429 1284; x_wconf 84' lang='lat' dir='ltr'><strong>religiosi</strong></span> <span class='ocrx_word' id='word_1_109' title='bbox 441 1209 502 1265; x_wconf 90' lang='lat' dir='ltr'><strong>sint</strong></span> <span class='ocrx_word' id='word_1_110' title='bbox 516 1209 700 1264; x_wconf 89' lang='lat' dir='ltr'><strong>orationibus</strong></span> <span class='ocrx_word' id='word_1_111' title='bbox 711 1212 824 1280; x_wconf 90' lang='lat' dir='ltr'><strong>protua</strong></span> <span class='ocrx_word' id='word_1_112' title='bbox 836 1223 912 1279; x_wconf 92' lang='lat' dir='ltr'><strong>popu</strong></span> <span class='ocrx_word' id='word_1_113' title='bbox 968 1201 1019 1274; x_wconf 87' lang='lat' dir='ltr'><strong>qui</strong></span> <span class='ocrx_word' id='word_1_114' title='bbox 1037 1203 1226 1260; x_wconf 88' lang='lat' dir='ltr'><strong>residentiam</strong></span> <span class='ocrx_word' id='word_1_115' title='bbox 1245 1205 1274 1260; x_wconf 91' lang='lat' dir='ltr'><strong>iii</strong></span> <span class='ocrx_word' id='word_1_116' title='bbox 1287 1207 1389 1263; x_wconf 87' lang='lat' dir='ltr'><strong>sedem</strong></span> <span class='ocrx_word' id='word_1_117' title='bbox 1403 1208 1527 1265; x_wconf 86' lang='lat' dir='ltr'><strong>ecclesia</strong></span> <span class='ocrx_word' id='word_1_118' title='bbox 1538 1210 1695 1279; x_wconf 88' lang='lat' dir='ltr'><strong>iaciebant,</strong></span> <span class='ocrx_word' id='word_1_119' title='bbox 1706 1212 1797 1268; x_wconf 92' lang='lat' dir='ltr'><strong>duos·</strong></span> 
     </span>
     <span class='ocr_line' id='line_1_13' title="bbox 89 1293 1798 1374; baseline 0.01 -17"><span class='ocrx_word' id='word_1_120' title='bbox 89 1301 170 1374; x_wconf 81' lang='lat' dir='ltr'><strong>lique</strong></span> <span class='ocrx_word' id='word_1_121' title='bbox 187 1301 239 1356; x_wconf 90' lang='lat' dir='ltr'><strong>tibi</strong></span> <span class='ocrx_word' id='word_1_122' title='bbox 256 1300 382 1371; x_wconf 88' lang='lat' dir='ltr'><strong>subjecti</strong></span> <span class='ocrx_word' id='word_1_123' title='bbox 397 1299 493 1355; x_wconf 86' lang='lat' dir='ltr'><strong>salute</strong></span> <span class='ocrx_word' id='word_1_124' title='bbox 509 1298 598 1354; x_wconf 88' lang='lat' dir='ltr'><strong>libere</strong></span> <span class='ocrx_word' id='word_1_125' title='bbox 613 1315 645 1353; x_wconf 90' lang='lat' dir='ltr'><strong>ar</strong></span> <span class='ocrx_word' id='word_1_126' title='bbox 659 1297 784 1353; x_wconf 87' lang='lat' dir='ltr'><strong>libenter</strong></span> <span class='ocrx_word' id='word_1_127' title='bbox 799 1296 915 1367; x_wconf 90' lang='lat' dir='ltr'><strong>intenti,</strong></span> <span class='ocrx_word' id='word_1_128' title='bbox 968 1307 1026 1363; x_wconf 81' lang='lat' dir='ltr'><strong>que</strong></span> <span class='ocrx_word' id='word_1_129' title='bbox 1042 1308 1098 1347; x_wconf 78' lang='lat' dir='ltr'><strong>bon</strong></span> <span class='ocrx_word' id='word_1_130' title='bbox 1112 1293 1273 1350; x_wconf 71' lang='lat' dir='ltr'><strong>residebiet</strong></span> <span class='ocrx_word' id='word_1_131' title='bbox 1289 1296 1455 1365; x_wconf 70' lang='lat' dir='ltr'><strong>cbb0ss5⁰0⁸‚</strong></span> <span class='ocrx_word' id='word_1_132' title='bbox 1471 1302 1500 1353; x_wconf 70' lang='grc' dir='ltr'><strong>θῑ</strong></span> <span class='ocrx_word' id='word_1_133' title='bbox 1515 1315 1608 1355; x_wconf 72' lang='lat' dir='ltr'><strong>unum</strong></span> <span class='ocrx_word' id='word_1_134' title='bbox 1624 1301 1798 1371; x_wconf 59' lang='lat' dir='ltr'><strong>Pfaebfflist·</strong></span> 
     </span>
     <span class='ocr_line' id='line_1_14' title="bbox 92 1380 1797 1463; baseline 0.001 -17"><span class='ocrx_word' id='word_1_135' title='bbox 92 1407 159 1446; x_wconf 89' lang='lat' dir='ltr'><strong>cum</strong></span> <span class='ocrx_word' id='word_1_136' title='bbox 176 1407 192 1446; x_wconf 90' lang='lat' dir='ltr'><strong>a</strong></span> <span class='ocrx_word' id='word_1_137' title='bbox 208 1388 466 1446; x_wconf 79' lang='lat' dir='ltr'><strong>molestationibus</strong></span> <span class='ocrx_word' id='word_1_138' title='bbox 482 1387 573 1443; x_wconf 90' lang='lat' dir='ltr'><strong>seculi</strong></span> <span class='ocrx_word' id='word_1_139' title='bbox 588 1387 667 1460; x_wconf 86' lang='lat' dir='ltr'><strong>regia</strong></span> <span class='ocrx_word' id='word_1_140' title='bbox 678 1385 787 1441; x_wconf 81' lang='lat' dir='ltr'><strong>luerim</strong></span> <span class='ocrx_word' id='word_1_141' title='bbox 802 1390 914 1457; x_wconf 90' lang='lat' dir='ltr'><strong>proteo·</strong></span> <span class='ocrx_word' id='word_1_142' title='bbox 969 1380 1047 1436; x_wconf 84' lang='lat' dir='ltr'><strong>ribm</strong></span> <span class='ocrx_word' id='word_1_143' title='bbox 1063 1381 1240 1440; x_wconf 80' lang='lat' dir='ltr'><strong>residentem</strong></span> <span class='ocrx_word' id='word_1_144' title='bbox 1256 1384 1344 1441; x_wconf 89' lang='lat' dir='ltr'><strong>etiam</strong></span> <span class='ocrx_word' id='word_1_145' title='bbox 1367 1386 1530 1443; x_wconf 83' lang='lat' dir='ltr'><strong>decessisse</strong></span> <span class='ocrx_word' id='word_1_146' title='bbox 1554 1388 1640 1460; x_wconf 80' lang='grc'><strong>(207).</strong></span> <span class='ocrx_word' id='word_1_147' title='bbox 1662 1390 1797 1463; x_wconf 87' lang='lat' dir='ltr'><strong>Cumque</strong></span> 
     </span>
     <span class='ocr_line' id='line_1_15' title="bbox 90 1470 1796 1551; baseline 0.005 -16"><span class='ocrx_word' id='word_1_148' title='bbox 90 1482 172 1537; x_wconf 87' lang='lat' dir='ltr'><strong>tione</strong></span> <span class='ocrx_word' id='word_1_149' title='bbox 197 1479 303 1536; x_wconf 90' lang='lat' dir='ltr'><strong>securi.</strong></span> <span class='ocrx_word' id='word_1_150' title='bbox 322 1476 675 1549; x_wconf 86' lang='lat' dir='ltr'><strong>liacigiturcouiidautia</strong></span> <span class='ocrx_word' id='word_1_151' title='bbox 696 1475 855 1548; x_wconf 90' lang='lat' dir='ltr'><strong>provocati,</strong></span> <span class='ocrx_word' id='word_1_152' title='bbox 872 1475 913 1530; x_wconf 89' lang='lat' dir='ltr'><strong>di·</strong></span> <span class='ocrx_word' id='word_1_153' title='bbox 970 1485 1060 1541; x_wconf 72' lang='lat' dir='ltr'><strong>super</strong></span> <span class='ocrx_word' id='word_1_154' title='bbox 1088 1470 1135 1525; x_wconf 76' lang='lat' dir='ltr'><strong>his</strong></span> <span class='ocrx_word' id='word_1_155' title='bbox 1164 1471 1231 1528; x_wconf 73' lang='lat' dir='ltr'><strong>eliis</strong></span> <span class='ocrx_word' id='word_1_156' title='bbox 1260 1473 1364 1530; x_wconf 73' lang='lat' dir='ltr'><strong>luisset</strong></span> <span class='ocrx_word' id='word_1_157' title='bbox 1391 1491 1489 1532; x_wconf 70' lang='lat' dir='ltr'><strong>eorem</strong></span> <span class='ocrx_word' id='word_1_158' title='bbox 1512 1477 1614 1533; x_wconf 75' lang='lat' dir='ltr'><strong>eodem</strong></span> <span class='ocrx_word' id='word_1_159' title='bbox 1648 1476 1796 1551; x_wconf 67' lang='lat' dir='ltr'><strong>litigatum</strong></span> 
     </span>
     <span class='ocr_line' id='line_1_16' title="bbox 90 1558 1796 1638; baseline 0.006 -14"><span class='ocrx_word' id='word_1_160' title='bbox 90 1569 199 1625; x_wconf 75' lang='lat' dir='ltr'><strong>iccium</strong></span> <span class='ocrx_word' id='word_1_161' title='bbox 216 1567 345 1623; x_wconf 76' lang='lat' dir='ltr'><strong>uirum...</strong></span> <span class='ocrx_word' id='word_1_162' title='bbox 359 1565 507 1634; x_wconf 82' lang='lat' dir='ltr'><strong>abbatam,</strong></span> <span class='ocrx_word' id='word_1_163' title='bbox 519 1570 547 1620; x_wconf 77' lang='lat' dir='ltr'><strong>ei</strong></span> <span class='ocrx_word' id='word_1_164' title='bbox 557 1569 731 1620; x_wconf 74' lang='lat' dir='ltr'><strong>conveniam</strong></span> <span class='ocrx_word' id='word_1_165' title='bbox 744 1564 915 1620; x_wconf 73' lang='lat' dir='ltr'><strong>brianensis</strong></span> <span class='ocrx_word' id='word_1_166' title='bbox 970 1558 1087 1626; x_wconf 74' lang='lat' dir='ltr'><strong>abbate,</strong></span> <span class='ocrx_word' id='word_1_167' title='bbox 1104 1561 1235 1627; x_wconf 77' lang='lat' dir='ltr'><strong>ianuam,</strong></span> <span class='ocrx_word' id='word_1_168' title='bbox 1266 1578 1333 1617; x_wconf 78' lang='lat' dir='ltr'><strong>cum</strong></span> <span class='ocrx_word' id='word_1_169' title='bbox 1350 1580 1440 1636; x_wconf 73' lang='lat' dir='ltr'><strong>super</strong></span> <span class='ocrx_word' id='word_1_170' title='bbox 1466 1565 1628 1638; x_wconf 76' lang='lat' dir='ltr'><strong>prolatione</strong></span> <span class='ocrx_word' id='word_1_171' title='bbox 1643 1569 1796 1625; x_wconf 75' lang='lat' dir='ltr'><strong>sententie</strong></span> 
     </span>
    </p>

    <p class='ocr_par' dir='ltr' id='par_1_6' title="bbox 87 1647 1798 1744">
     <span class='ocr_line' id='line_1_17' title="bbox 87 1647 1798 1744; baseline -0.001 -30"><span class='ocrx_word' id='word_1_172' title='bbox 87 1655 236 1724; x_wconf 74' lang='lat' dir='ltr'><strong>Ecclesia,</strong></span> <span class='ocrx_word' id='word_1_173' title='bbox 249 1655 336 1726; x_wconf 86' lang='lat' dir='ltr'><strong>regali</strong></span> <span class='ocrx_word' id='word_1_174' title='bbox 347 1653 515 1711; x_wconf 88' lang='lat' dir='ltr'><strong>celsitudini</strong></span> <span class='ocrx_word' id='word_1_175' title='bbox 527 1654 917 1726; x_wconf 83' lang='lat' dir='ltr'><strong>propensiuscornmendan·</strong></span> <span class='ocrx_word' id='word_1_176' title='bbox 932 1680 955 1744; x_wconf 75' lang='grc' dir='ltr'><strong>Β</strong></span> <span class='ocrx_word' id='word_1_177' title='bbox 971 1647 1129 1715; x_wconf 74' lang='lat' dir='ltr'><strong>dubitaret,</strong></span> <span class='ocrx_word' id='word_1_178' title='bbox 1148 1650 1298 1722; x_wconf 82' lang='lat' dir='ltr'><strong>negotium</strong></span> <span class='ocrx_word' id='word_1_179' title='bbox 1313 1651 1410 1724; x_wconf 89' lang='lat' dir='ltr'><strong>ipsum</strong></span> <span class='ocrx_word' id='word_1_180' title='bbox 1428 1654 1594 1725; x_wconf 79' lang='lat' dir='ltr'><strong>apostolica</strong></span> <span class='ocrx_word' id='word_1_181' title='bbox 1609 1657 1689 1713; x_wconf 87' lang='lat' dir='ltr'><strong>sedis</strong></span> <span class='ocrx_word' id='word_1_182' title='bbox 1703 1648 1798 1729; x_wconf 85' lang='lat' dir='ltr'><strong>p&#39;roui·</strong></span> 
     </span>
    </p>

    <p class='ocr_par' dir='ltr' id='par_1_7' title="bbox 93 1737 1796 1818">
     <span class='ocr_line' id='line_1_18' title="bbox 93 1737 1796 1818; baseline 0.02 -47"><span class='ocrx_word' id='word_1_183' title='bbox 93 1749 149 1810; x_wconf 49' lang='grc' dir='ltr'><strong>(θεῖ</strong></span> <span class='ocrx_word' id='word_1_184' title='bbox 166 1761 217 1818; x_wconf 67' lang='lat' dir='ltr'><strong>p„</strong></span> <span class='ocrx_word' id='word_1_185' title='bbox 232 1743 393 1817; x_wconf 56' lang='lat' dir='ltr'><strong>apostolic,</strong></span> <span class='ocrx_word' id='word_1_186' title='bbox 408 1743 517 1814; x_wconf 57' lang='lat' dir='ltr'><strong>wip„</strong></span> <span class='ocrx_word' id='word_1_187' title='bbox 532 1759 682 1815; x_wconf 60' lang='lat' dir='ltr'><strong>,ogamugv</strong></span> <span class='ocrx_word' id='word_1_188' title='bbox 699 1759 856 1798; x_wconf 62' lang='lat' dir='ltr'><strong>monemus</strong></span> <span class='ocrx_word' id='word_1_189' title='bbox 871 1746 916 1798; x_wconf 62' lang='lat' dir='ltr'><strong>aa.</strong></span> <span class='ocrx_word' id='word_1_190' title='bbox 972 1737 1047 1791; x_wconf 88' lang='lat' dir='ltr'><strong>sioni</strong></span> <span class='ocrx_word' id='word_1_191' title='bbox 1065 1738 1188 1794; x_wconf 86' lang='lat' dir='ltr'><strong>remisit.</strong></span> <span class='ocrx_word' id='word_1_192' title='bbox 1206 1745 1263 1795; x_wconf 84' lang='lat' dir='ltr'><strong>Nos</strong></span> <span class='ocrx_word' id='word_1_193' title='bbox 1276 1745 1386 1811; x_wconf 90' lang='lat' dir='ltr'><strong>autem,</strong></span> <span class='ocrx_word' id='word_1_194' title='bbox 1402 1743 1498 1799; x_wconf 91' lang='lat' dir='ltr'><strong>eidem</strong></span> <span class='ocrx_word' id='word_1_195' title='bbox 1514 1744 1709 1816; x_wconf 85' lang='lat' dir='ltr'><strong>subdiacono,</strong></span> <span class='ocrx_word' id='word_1_196' title='bbox 1722 1752 1753 1805; x_wconf 86' lang='lat' dir='ltr'><strong>et</strong></span> <span class='ocrx_word' id='word_1_197' title='bbox 1766 1748 1796 1805; x_wconf 89' lang='lat' dir='ltr'><strong>P.</strong></span> 
     </span>
    </p>
   </div>
   <div class='ocr_carea' id='block_1_3' title="bbox 451 317 542 377">
    <p class='ocr_par' dir='ltr' id='par_1_8' title="bbox 451 317 542 377">
     <span class='ocr_line' id='line_1_19' title="bbox 451 317 542 377; baseline -0.011 -2"><span class='ocrx_word' id='word_1_198' title='bbox 451 317 542 377; x_wconf 79' lang='lat' dir='ltr'><strong>XCIV.</strong></span> 
     </span>
    </p>
   </div>
   <div class='ocr_carea' id='block_1_4' title="bbox 202 423 798 564">
    <p class='ocr_par' dir='ltr' id='par_1_9' title="bbox 202 423 798 564">
     <span class='ocr_line' id='line_1_20' title="bbox 301 423 695 467; baseline -0.01 -2"><span class='ocrx_word' id='word_1_199' title='bbox 301 425 422 467; x_wconf 78' lang='lat' dir='ltr'><strong>iacuere</strong></span> <span class='ocrx_word' id='word_1_200' title='bbox 458 425 524 463; x_wconf 84' lang='lat' dir='ltr'><strong>usai</strong></span> <span class='ocrx_word' id='word_1_201' title='bbox 539 423 695 463; x_wconf 75' lang='lat' dir='ltr'><strong>cassania.</strong></span> 
     </span>
     <span class='ocr_line' id='line_1_21' title="bbox 202 493 798 564; baseline -0.01 -11"><span class='ocrx_word' id='word_1_202' title='bbox 202 497 331 555; x_wconf 71' lang='lat' dir='ltr'><strong>litatem</strong></span> <span class='ocrx_word' id='word_1_203' title='bbox 345 507 371 554; x_wconf 85' lang='lat' dir='ltr'><strong>et</strong></span> <span class='ocrx_word' id='word_1_204' title='bbox 381 501 544 552; x_wconf 83' lang='lat' dir='ltr'><strong>conuentum</strong></span> <span class='ocrx_word' id='word_1_205' title='bbox 564 496 729 551; x_wconf 79' lang='lat' dir='ltr'><strong>rrtoaeoia</strong></span> <span class='ocrx_word' id='word_1_206' title='bbox 743 493 798 564; x_wconf 80' lang='lat' dir='ltr'><strong>ipat</strong></span> 
     </span>
    </p>
   </div>
   <div class='ocr_carea' id='block_1_5' title="bbox 1 1914 1805 3439">
    <p class='ocr_par' dir='ltr' id='par_1_10' title="bbox 1 1914 1805 3439">
     <span class='ocr_line' id='line_1_22' title="bbox 1 1914 1798 1998; baseline 0.002 -19"><span class='ocrx_word' id='word_1_207' title='bbox 1 1942 2 1948; x_wconf 50' lang='lat'>¹</span> <span class='ocrx_word' id='word_1_208' title='bbox 94 1929 336 1996; x_wconf 85' lang='lat' dir='ltr'><strong>rum,quatenus</strong></span> <span class='ocrx_word' id='word_1_209' title='bbox 352 1921 449 1978; x_wconf 89' lang='lat' dir='ltr'><strong>divino</strong></span> <span class='ocrx_word' id='word_1_210' title='bbox 465 1920 630 1989; x_wconf 89' lang='lat' dir='ltr'><strong>intuitu,et</strong></span> <span class='ocrx_word' id='word_1_211' title='bbox 645 1938 696 1993; x_wconf 89' lang='lat' dir='ltr'><strong>pro</strong></span> <span class='ocrx_word' id='word_1_212' title='bbox 712 1921 873 1977; x_wconf 88' lang='lat' dir='ltr'><strong>reverentia</strong></span> <span class='ocrx_word' id='word_1_213' title='bbox 887 1922 918 1977; x_wconf 87' lang='lat' dir='ltr'><strong>B.</strong></span> <span class='ocrx_word' id='word_1_214' title='bbox 974 1914 1128 1982; x_wconf 86' lang='lat' dir='ltr'><strong>fllium,B.</strong></span> <span class='ocrx_word' id='word_1_215' title='bbox 1155 1918 1230 1989; x_wconf 88' lang='grc'><strong>(208)</strong></span> <span class='ocrx_word' id='word_1_216' title='bbox 1261 1918 1337 1974; x_wconf 87' lang='lat' dir='ltr'><strong>tituli</strong></span> <span class='ocrx_word' id='word_1_217' title='bbox 1367 1924 1396 1975; x_wconf 81' lang='lat' dir='ltr'><strong>S.</strong></span> <span class='ocrx_word' id='word_1_218' title='bbox 1425 1925 1565 1978; x_wconf 77' lang='lat' dir='ltr'><strong>susannae</strong></span> <span class='ocrx_word' id='word_1_219' title='bbox 1593 1925 1798 1998; x_wconf 80' lang='lat' dir='ltr'><strong>presbyterum</strong></span> 
     </span>
     <span class='ocr_line' id='line_1_23' title="bbox 95 2003 1799 2085; baseline 0.001 -17"><span class='ocrx_word' id='word_1_220' title='bbox 95 2013 172 2069; x_wconf 90' lang='lat' dir='ltr'><strong>Petri</strong></span> <span class='ocrx_word' id='word_1_221' title='bbox 195 2016 223 2068; x_wconf 91' lang='lat' dir='ltr'><strong>et</strong></span> <span class='ocrx_word' id='word_1_222' title='bbox 247 2016 359 2081; x_wconf 86' lang='lat' dir='ltr'><strong>nostru,</strong></span> <span class='ocrx_word' id='word_1_223' title='bbox 385 2010 553 2082; x_wconf 79' lang='lat' dir='ltr'><strong>praedictam</strong></span> <span class='ocrx_word' id='word_1_224' title='bbox 576 2008 748 2076; x_wconf 83' lang='lat' dir='ltr'><strong>Ecclesiam,</strong></span> <span class='ocrx_word' id='word_1_225' title='bbox 774 2015 918 2082; x_wconf 90' lang='lat' dir='ltr'><strong>tanquam</strong></span> <span class='ocrx_word' id='word_1_226' title='bbox 975 2003 1799 2085; x_wconf 80' lang='lat' dir='ltr'><strong>cardinalem,dedimueauditorem‚incujusprasentia</strong></span> 
     </span>
     <span class='ocr_line' id='line_1_24' title="bbox 92 2093 1800 2174; baseline 0 -16"><span class='ocrx_word' id='word_1_227' title='bbox 92 2102 234 2158; x_wconf 83' lang='lat' dir='ltr'><strong>Romanae</strong></span> <span class='ocrx_word' id='word_1_228' title='bbox 244 2099 379 2156; x_wconf 77' lang='lat' dir='ltr'><strong>Ecclesiae</strong></span> <span class='ocrx_word' id='word_1_229' title='bbox 391 2099 479 2154; x_wconf 85' lang='lat' dir='ltr'><strong>liliam</strong></span> <span class='ocrx_word' id='word_1_230' title='bbox 492 2097 660 2171; x_wconf 78' lang='lat' dir='ltr'><strong>specialem,</strong></span> <span class='ocrx_word' id='word_1_231' title='bbox 674 2114 726 2154; x_wconf 89' lang='lat' dir='ltr'><strong>neo</strong></span> <span class='ocrx_word' id='word_1_232' title='bbox 738 2115 794 2155; x_wconf 91' lang='lat' dir='ltr'><strong>uon</strong></span> <span class='ocrx_word' id='word_1_233' title='bbox 808 2116 917 2154; x_wconf 91' lang='lat' dir='ltr'><strong>memo·</strong></span> <span class='ocrx_word' id='word_1_234' title='bbox 976 2108 1042 2148; x_wconf 80' lang='lat' dir='ltr'><strong>eum</strong></span> <span class='ocrx_word' id='word_1_235' title='bbox 1059 2093 1152 2150; x_wconf 81' lang='lat' dir='ltr'><strong>mulie</strong></span> <span class='ocrx_word' id='word_1_236' title='bbox 1168 2095 1291 2152; x_wconf 81' lang='lat' dir='ltr'><strong>luissent</strong></span> <span class='ocrx_word' id='word_1_237' title='bbox 1306 2098 1343 2153; x_wconf 88' lang='lat' dir='ltr'><strong>ab</strong></span> <span class='ocrx_word' id='word_1_238' title='bbox 1360 2103 1484 2170; x_wconf 90' lang='lat' dir='ltr'><strong>utraque</strong></span> <span class='ocrx_word' id='word_1_239' title='bbox 1499 2105 1581 2171; x_wconf 89' lang='lat' dir='ltr'><strong>parte</strong></span> <span class='ocrx_word' id='word_1_240' title='bbox 1597 2103 1759 2174; x_wconf 88' lang='lat' dir='ltr'><strong>proposita,</strong></span> <span class='ocrx_word' id='word_1_241' title='bbox 1771 2109 1800 2159; x_wconf 89' lang='lat' dir='ltr'><strong>et</strong></span> 
     </span>
     <span class='ocr_line' id='line_1_25' title="bbox 96 2181 1800 2262; baseline 0 -15"><span class='ocrx_word' id='word_1_242' title='bbox 96 2194 178 2247; x_wconf 88' lang='lat' dir='ltr'><strong>ratos</strong></span> <span class='ocrx_word' id='word_1_243' title='bbox 193 2190 370 2246; x_wconf 88' lang='lat' dir='ltr'><strong>abbatemet</strong></span> <span class='ocrx_word' id='word_1_244' title='bbox 396 2194 582 2255; x_wconf 90' lang='lat' dir='ltr'><strong>conventum,</strong></span> <span class='ocrx_word' id='word_1_245' title='bbox 600 2204 762 2260; x_wconf 72' lang='lat' dir='ltr'><strong>eorumque</strong></span> <span class='ocrx_word' id='word_1_246' title='bbox 773 2189 853 2259; x_wconf 75' lang='lat' dir='ltr'><strong>jura,</strong></span> <span class='ocrx_word' id='word_1_247' title='bbox 869 2188 922 2244; x_wconf 81' lang='lat' dir='ltr'><strong>ab·</strong></span> <span class='ocrx_word' id='word_1_248' title='bbox 977 2181 1062 2237; x_wconf 88' lang='lat' dir='ltr'><strong>nobis</strong></span> <span class='ocrx_word' id='word_1_249' title='bbox 1088 2185 1277 2255; x_wconf 88' lang='lat' dir='ltr'><strong>postmodum</strong></span> <span class='ocrx_word' id='word_1_250' title='bbox 1305 2187 1341 2241; x_wconf 89' lang='lat' dir='ltr'><strong>ab</strong></span> <span class='ocrx_word' id='word_1_251' title='bbox 1356 2187 1421 2259; x_wconf 90' lang='lat' dir='ltr'><strong>ipso</strong></span> <span class='ocrx_word' id='word_1_252' title='bbox 1436 2189 1539 2256; x_wconf 89' lang='lat' dir='ltr'><strong>relata,</strong></span> <span class='ocrx_word' id='word_1_253' title='bbox 1564 2190 1634 2262; x_wconf 83' lang='lat' dir='ltr'><strong>quia</strong></span> <span class='ocrx_word' id='word_1_254' title='bbox 1647 2190 1678 2246; x_wconf 90' lang='lat' dir='ltr'><strong>in</strong></span> <span class='ocrx_word' id='word_1_255' title='bbox 1694 2190 1800 2248; x_wconf 87' lang='lat' dir='ltr'><strong>litteris</strong></span> 
     </span>
     <span class='ocr_line' id='line_1_26' title="bbox 93 2271 1800 2351; baseline -0.001 -15"><span class='ocrx_word' id='word_1_256' title='bbox 93 2278 233 2336; x_wconf 89' lang='lat' dir='ltr'><strong>omnium</strong></span> <span class='ocrx_word' id='word_1_257' title='bbox 246 2277 530 2351; x_wconf 85' lang='lat' dir='ltr'><strong>injustogravamiue</strong></span> <span class='ocrx_word' id='word_1_258' title='bbox 541 2283 570 2332; x_wconf 92' lang='lat' dir='ltr'><strong>et</strong></span> <span class='ocrx_word' id='word_1_259' title='bbox 581 2276 924 2333; x_wconf 87' lang='lat' dir='ltr'><strong>indebitamoleetatione</strong></span> <span class='ocrx_word' id='word_1_260' title='bbox 973 2271 1036 2342; x_wconf 81' lang='lat' dir='ltr'><strong>Jem</strong></span> <span class='ocrx_word' id='word_1_261' title='bbox 1051 2271 1122 2327; x_wconf 82' lang='lat' dir='ltr'><strong>dicii</strong></span> <span class='ocrx_word' id='word_1_262' title='bbox 1137 2273 1344 2331; x_wconf 79' lang='lat' dir='ltr'><strong>continebatur</strong></span> <span class='ocrx_word' id='word_1_263' title='bbox 1359 2277 1486 2347; x_wconf 87' lang='lat' dir='ltr'><strong>abbatis,</strong></span> <span class='ocrx_word' id='word_1_264' title='bbox 1500 2278 1576 2349; x_wconf 89' lang='lat' dir='ltr'><strong>quod</strong></span> <span class='ocrx_word' id='word_1_265' title='bbox 1593 2278 1629 2334; x_wconf 91' lang='lat' dir='ltr'><strong>de</strong></span> <span class='ocrx_word' id='word_1_266' title='bbox 1644 2280 1800 2336; x_wconf 86' lang='lat' dir='ltr'><strong>canonico-</strong></span> 
     </span>
     <span class='ocr_line' id='line_1_27' title="bbox 99 2360 1805 2439; baseline 0 -14"><span class='ocrx_word' id='word_1_267' title='bbox 99 2367 250 2435; x_wconf 87' lang='lat' dir='ltr'><strong>dstendas,</strong></span> <span class='ocrx_word' id='word_1_268' title='bbox 267 2383 376 2439; x_wconf 89' lang='lat' dir='ltr'><strong>eosque</strong></span> <span class='ocrx_word' id='word_1_269' title='bbox 391 2366 421 2422; x_wconf 92' lang='lat' dir='ltr'><strong>iu</strong></span> <span class='ocrx_word' id='word_1_270' title='bbox 437 2367 539 2422; x_wconf 85' lang='lat' dir='ltr'><strong>ordine</strong></span> <span class='ocrx_word' id='word_1_271' title='bbox 554 2382 607 2422; x_wconf 88' lang='lat' dir='ltr'><strong>suo</strong></span> <span class='ocrx_word' id='word_1_272' title='bbox 622 2370 651 2421; x_wconf 88' lang='lat' dir='ltr'><strong>et</strong></span> <span class='ocrx_word' id='word_1_273' title='bbox 661 2382 801 2421; x_wconf 84' lang='lat' dir='ltr'><strong>concessa</strong></span> <span class='ocrx_word' id='word_1_274' title='bbox 816 2366 871 2422; x_wconf 80' lang='lat' dir='ltr'><strong>sibi</strong></span> <span class='ocrx_word' id='word_1_275' title='bbox 888 2367 924 2423; x_wconf 82' lang='lat' dir='ltr'><strong>ab</strong></span> <span class='ocrx_word' id='word_1_276' title='bbox 979 2375 1043 2414; x_wconf 92' lang='lat' dir='ltr'><strong>rum</strong></span> <span class='ocrx_word' id='word_1_277' title='bbox 1061 2360 1142 2416; x_wconf 92' lang='lat' dir='ltr'><strong>obitu</strong></span> <span class='ocrx_word' id='word_1_278' title='bbox 1155 2363 1358 2433; x_wconf 78' lang='lat' dir='ltr'><strong>praedictorum</strong></span> <span class='ocrx_word' id='word_1_279' title='bbox 1370 2364 1396 2420; x_wconf 92' lang='lat' dir='ltr'><strong>ei</strong></span> <span class='ocrx_word' id='word_1_280' title='bbox 1406 2367 1715 2436; x_wconf 88' lang='lat' dir='ltr'><strong>constititmanileste,</strong></span> <span class='ocrx_word' id='word_1_281' title='bbox 1727 2371 1805 2426; x_wconf 90' lang='lat' dir='ltr'><strong>sicut</strong></span> 
     </span>
     <span class='ocr_line' id='line_1_28' title="bbox 108 2449 1802 2531; baseline 0 -17"><span class='ocrx_word' id='word_1_282' title='bbox 108 2456 268 2531; x_wconf 87' lang='lat' dir='ltr'><strong>apostolica</strong></span> <span class='ocrx_word' id='word_1_283' title='bbox 281 2458 349 2512; x_wconf 88' lang='lat' dir='ltr'><strong>sede</strong></span> <span class='ocrx_word' id='word_1_284' title='bbox 364 2456 499 2512; x_wconf 89' lang='lat' dir='ltr'><strong>libertate</strong></span> <span class='ocrx_word' id='word_1_285' title='bbox 509 2470 678 2523; x_wconf 87' lang='lat' dir='ltr'><strong>conserves,</strong></span> <span class='ocrx_word' id='word_1_286' title='bbox 691 2457 770 2510; x_wconf 89' lang='lat' dir='ltr'><strong>sicut</strong></span> <span class='ocrx_word' id='word_1_287' title='bbox 784 2454 813 2509; x_wconf 93' lang='lat' dir='ltr'><strong>in</strong></span> <span class='ocrx_word' id='word_1_288' title='bbox 837 2454 924 2528; x_wconf 85' lang='lat' dir='ltr'><strong>privi·</strong></span> <span class='ocrx_word' id='word_1_289' title='bbox 978 2449 1115 2520; x_wconf 81' lang='lat' dir='ltr'><strong>nuperius</strong></span> <span class='ocrx_word' id='word_1_290' title='bbox 1126 2455 1359 2525; x_wconf 82' lang='lat' dir='ltr'><strong>estexpressum,</strong></span> <span class='ocrx_word' id='word_1_291' title='bbox 1371 2454 1503 2528; x_wconf 89' lang='lat' dir='ltr'><strong>nihilque</strong></span> <span class='ocrx_word' id='word_1_292' title='bbox 1514 2455 1609 2512; x_wconf 87' lang='lat' dir='ltr'><strong>tuerat</strong></span> <span class='ocrx_word' id='word_1_293' title='bbox 1619 2459 1802 2514; x_wconf 83' lang='lat' dir='ltr'><strong>contrasub·</strong></span> 
     </span>
     <span class='ocr_line' id='line_1_29' title="bbox 108 2537 1804 2619; baseline 0.008 -30"><span class='ocrx_word' id='word_1_294' title='bbox 108 2546 195 2619; x_wconf 66' lang='lat' dir='ltr'><strong>legio,</strong></span> <span class='ocrx_word' id='word_1_295' title='bbox 208 2546 244 2601; x_wconf 62' lang='lat' dir='ltr'><strong>ad</strong></span> <span class='ocrx_word' id='word_1_296' title='bbox 255 2561 373 2617; x_wconf 65' lang='lat' dir='ltr'><strong>precum</strong></span> <span class='ocrx_word' id='word_1_297' title='bbox 385 2549 502 2600; x_wconf 59' lang='lat' dir='ltr'><strong>tuarum</strong></span> <span class='ocrx_word' id='word_1_298' title='bbox 515 2543 708 2600; x_wconf 67' lang='lat' dir='ltr'><strong>instantiam</strong></span> <span class='ocrx_word' id='word_1_299' title='bbox 719 2544 802 2599; x_wconf 67' lang='lat' dir='ltr'><strong>bonae</strong></span> <span class='ocrx_word' id='word_1_300' title='bbox 814 2561 927 2601; x_wconf 66' lang='lat' dir='ltr'><strong>memo.</strong></span> <span class='ocrx_word' id='word_1_301' title='bbox 979 2537 1136 2594; x_wconf 87' lang='lat' dir='ltr'><strong>diaconum</strong></span> <span class='ocrx_word' id='word_1_302' title='bbox 1150 2541 1301 2611; x_wconf 90' lang='lat' dir='ltr'><strong>probatum</strong></span> <span class='ocrx_word' id='word_1_303' title='bbox 1313 2543 1462 2615; x_wconf 90' lang='lat' dir='ltr'><strong>eumdem,</strong></span> <span class='ocrx_word' id='word_1_304' title='bbox 1473 2545 1634 2617; x_wconf 90' lang='lat' dir='ltr'><strong>quominus</strong></span> <span class='ocrx_word' id='word_1_305' title='bbox 1644 2546 1804 2604; x_wconf 88' lang='lat' dir='ltr'><strong>haberetur</strong></span> 
     </span>
     <span class='ocr_line' id='line_1_30' title="bbox 106 2629 1801 2706; baseline 0.001 -16"><span class='ocrx_word' id='word_1_306' title='bbox 106 2636 156 2690; x_wconf 83' lang='lat' dir='ltr'><strong>ria</strong></span> <span class='ocrx_word' id='word_1_307' title='bbox 184 2633 439 2706; x_wconf 84' lang='lat' dir='ltr'><strong>Coelestinopapa,</strong></span> <span class='ocrx_word' id='word_1_308' title='bbox 470 2633 680 2706; x_wconf 78' lang='lat' dir='ltr'><strong>predecessore</strong></span> <span class='ocrx_word' id='word_1_309' title='bbox 708 2639 824 2702; x_wconf 90' lang='lat' dir='ltr'><strong>nostro,</strong></span> <span class='ocrx_word' id='word_1_310' title='bbox 854 2634 926 2706; x_wconf 88' lang='lat' dir='ltr'><strong>ipsis</strong></span> <span class='ocrx_word' id='word_1_311' title='bbox 979 2630 1103 2686; x_wconf 91' lang='lat' dir='ltr'><strong>idoneus</strong></span> <span class='ocrx_word' id='word_1_312' title='bbox 1119 2629 1154 2685; x_wconf 89' lang='lat' dir='ltr'><strong>ad</strong></span> <span class='ocrx_word' id='word_1_313' title='bbox 1170 2630 1399 2687; x_wconf 89' lang='lat' dir='ltr'><strong>ecclesiasticum</strong></span> <span class='ocrx_word' id='word_1_314' title='bbox 1416 2632 1588 2690; x_wconf 85' lang='lat' dir='ltr'><strong>beneficium</strong></span> <span class='ocrx_word' id='word_1_315' title='bbox 1605 2635 1801 2692; x_wconf 86' lang='lat' dir='ltr'><strong>obtinendum</strong></span> 
     </span>
     <span class='ocr_line' id='line_1_31' title="bbox 105 2717 1802 2797; baseline 0.002 -18"><span class='ocrx_word' id='word_1_316' title='bbox 105 2722 221 2780; x_wconf 91' lang='lat' dir='ltr'><strong>indulto</strong></span> <span class='ocrx_word' id='word_1_317' title='bbox 236 2723 368 2778; x_wconf 89' lang='lat' dir='ltr'><strong>noscitur</strong></span> <span class='ocrx_word' id='word_1_318' title='bbox 383 2722 536 2779; x_wconf 85' lang='lat' dir='ltr'><strong>contineri.</strong></span> <span class='ocrx_word' id='word_1_319' title='bbox 549 2721 693 2778; x_wconf 86' lang='lat' dir='ltr'><strong>Nolumus</strong></span> <span class='ocrx_word' id='word_1_320' title='bbox 708 2727 805 2778; x_wconf 88' lang='lat' dir='ltr'><strong>autem</strong></span> <span class='ocrx_word' id='word_1_321' title='bbox 816 2724 925 2792; x_wconf 81' lang='lat' dir='ltr'><strong>regiam</strong></span> <span class='ocrx_word' id='word_1_322' title='bbox 981 2735 1016 2775; x_wconf 91' lang='lat' dir='ltr'><strong>ue</strong></span> <span class='ocrx_word' id='word_1_323' title='bbox 1032 2717 1246 2791; x_wconf 71' lang='lat' dir='ltr'><strong>provisioneiu</strong></span> <span class='ocrx_word' id='word_1_324' title='bbox 1258 2720 1351 2792; x_wconf 85' lang='lat' dir='ltr'><strong>quasi</strong></span> <span class='ocrx_word' id='word_1_325' title='bbox 1363 2721 1621 2793; x_wconf 78' lang='lat' dir='ltr'><strong>apostolicaesedis</strong></span> <span class='ocrx_word' id='word_1_326' title='bbox 1634 2723 1802 2797; x_wconf 86' lang='lat' dir='ltr'><strong>benignitas</strong></span> 
     </span>
     <span class='ocr_line' id='line_1_32' title="bbox 29 2804 1801 2884; baseline 0.001 -14"><span class='ocrx_word' id='word_1_327' title='bbox 29 2804 33 2809; x_wconf 68' lang='grc'><strong>’</strong></span> <span class='ocrx_word' id='word_1_328' title='bbox 104 2812 305 2870; x_wconf 84' lang='lat' dir='ltr'><strong>excellentiam</strong></span> <span class='ocrx_word' id='word_1_329' title='bbox 321 2815 456 2884; x_wconf 89' lang='lat' dir='ltr'><strong>reputare</strong></span> <span class='ocrx_word' id='word_1_330' title='bbox 472 2810 639 2878; x_wconf 88' lang='lat' dir='ltr'><strong>molestum,</strong></span> <span class='ocrx_word' id='word_1_331' title='bbox 656 2812 731 2883; x_wconf 89' lang='lat' dir='ltr'><strong>quod</strong></span> <span class='ocrx_word' id='word_1_332' title='bbox 754 2812 924 2884; x_wconf 90' lang='lat' dir='ltr'><strong>petitionem</strong></span> <span class='ocrx_word' id='word_1_333' title='bbox 979 2809 1128 2865; x_wconf 89' lang='lat' dir='ltr'><strong>subveniri</strong></span> <span class='ocrx_word' id='word_1_334' title='bbox 1140 2810 1338 2881; x_wconf 88' lang='lat' dir='ltr'><strong>mandaverat,</strong></span> <span class='ocrx_word' id='word_1_335' title='bbox 1352 2811 1546 2880; x_wconf 78' lang='lat' dir='ltr'><strong>fraudaretur,</strong></span> <span class='ocrx_word' id='word_1_336' title='bbox 1558 2812 1801 2872; x_wconf 84' lang='lat' dir='ltr'><strong>eumlocouuiua</strong></span> 
     </span>
     <span class='ocr_line' id='line_1_33' title="bbox 103 2899 1800 2978; baseline 0.001 -20"><span class='ocrx_word' id='word_1_337' title='bbox 103 2907 185 2958; x_wconf 89' lang='lat' dir='ltr'><strong>tuam</strong></span> <span class='ocrx_word' id='word_1_338' title='bbox 202 2917 291 2972; x_wconf 89' lang='lat' dir='ltr'><strong>super</strong></span> <span class='ocrx_word' id='word_1_339' title='bbox 305 2917 349 2968; x_wconf 91' lang='lat' dir='ltr'><strong>eo,</strong></span> <span class='ocrx_word' id='word_1_340' title='bbox 365 2901 442 2972; x_wconf 92' lang='lat' dir='ltr'><strong>quod</strong></span> <span class='ocrx_word' id='word_1_341' title='bbox 455 2901 640 2971; x_wconf 82' lang='lat' dir='ltr'><strong>sepedictam</strong></span> <span class='ocrx_word' id='word_1_342' title='bbox 657 2900 810 2957; x_wconf 87' lang='lat' dir='ltr'><strong>ecclesiam</strong></span> <span class='ocrx_word' id='word_1_343' title='bbox 826 2902 856 2956; x_wconf 88' lang='lat' dir='ltr'><strong>in</strong></span> <span class='ocrx_word' id='word_1_344' title='bbox 873 2917 924 2973; x_wconf 93' lang='lat' dir='ltr'><strong>po·</strong></span> <span class='ocrx_word' id='word_1_345' title='bbox 979 2899 1184 2955; x_wconf 85' lang='lat' dir='ltr'><strong>detunctorum</strong></span> <span class='ocrx_word' id='word_1_346' title='bbox 1210 2900 1392 2957; x_wconf 88' lang='lat' dir='ltr'><strong>decrevimus</strong></span> <span class='ocrx_word' id='word_1_347' title='bbox 1415 2901 1644 2959; x_wconf 90' lang='lat' dir='ltr'><strong>admittendum.</strong></span> <span class='ocrx_word' id='word_1_348' title='bbox 1661 2905 1800 2978; x_wconf 86' lang='lat' dir='ltr'><strong>Ideoque,</strong></span> 
     </span>
     <span class='ocr_line' id='line_1_34' title="bbox 102 2988 1802 3107; baseline 0.002 -60"><span class='ocrx_word' id='word_1_349' title='bbox 102 2992 240 3047; x_wconf 87' lang='lat' dir='ltr'><strong>testatem</strong></span> <span class='ocrx_word' id='word_1_350' title='bbox 258 2989 425 3046; x_wconf 88' lang='lat' dir='ltr'><strong>Monasterii</strong></span> <span class='ocrx_word' id='word_1_351' title='bbox 442 2993 467 3042; x_wconf 79' lang='lat' dir='ltr'><strong>S.</strong></span> <span class='ocrx_word' id='word_1_352' title='bbox 486 2989 623 3045; x_wconf 82' lang='lat' dir='ltr'><strong>Facundii</strong></span> <span class='ocrx_word' id='word_1_353' title='bbox 639 2989 728 3061; x_wconf 81' lang='lat' dir='ltr'><strong>redigi</strong></span> <span class='ocrx_word' id='word_1_354' title='bbox 743 2989 921 3061; x_wconf 78' lang='lat' dir='ltr'><strong>postulabas,</strong></span> <span class='ocrx_word' id='word_1_355' title='bbox 936 3036 960 3107; x_wconf 73' lang='lat' dir='ltr'><strong>c</strong></span> <span class='ocrx_word' id='word_1_356' title='bbox 978 2988 1147 3045; x_wconf 90' lang='lat' dir='ltr'><strong>discretioni</strong></span> <span class='ocrx_word' id='word_1_357' title='bbox 1162 2993 1264 3044; x_wconf 79' lang='lat' dir='ltr'><strong>vestre</strong></span> <span class='ocrx_word' id='word_1_358' title='bbox 1275 3005 1326 3061; x_wconf 90' lang='lat' dir='ltr'><strong>per</strong></span> <span class='ocrx_word' id='word_1_359' title='bbox 1336 2990 1497 3063; x_wconf 90' lang='lat' dir='ltr'><strong>apostolica</strong></span> <span class='ocrx_word' id='word_1_360' title='bbox 1505 2991 1614 3064; x_wconf 88' lang='lat' dir='ltr'><strong>scripta</strong></span> <span class='ocrx_word' id='word_1_361' title='bbox 1623 2994 1802 3051; x_wconf 80' lang='lat' dir='ltr'><strong>mandamus</strong></span> 
     </span>
     <span class='ocr_line' id='line_1_35' title="bbox 102 3077 1802 3156; baseline 0.003 -21"><span class='ocrx_word' id='word_1_362' title='bbox 102 3095 160 3135; x_wconf 92' lang='lat' dir='ltr'><strong>non</strong></span> <span class='ocrx_word' id='word_1_363' title='bbox 176 3079 315 3134; x_wconf 83' lang='lat' dir='ltr'><strong>duximus</strong></span> <span class='ocrx_word' id='word_1_364' title='bbox 329 3077 554 3150; x_wconf 88' lang='lat' dir='ltr'><strong>admittendam,</strong></span> <span class='ocrx_word' id='word_1_365' title='bbox 572 3078 681 3134; x_wconf 87' lang='lat' dir='ltr'><strong>numid</strong></span> <span class='ocrx_word' id='word_1_366' title='bbox 699 3079 813 3150; x_wconf 90' lang='lat' dir='ltr'><strong>dejure</strong></span> <span class='ocrx_word' id='word_1_367' title='bbox 828 3080 923 3138; x_wconf 88' lang='lat' dir='ltr'><strong>lacere</strong></span> <span class='ocrx_word' id='word_1_368' title='bbox 978 3084 1007 3135; x_wconf 92' lang='lat' dir='ltr'><strong>et</strong></span> <span class='ocrx_word' id='word_1_369' title='bbox 1021 3079 1154 3134; x_wconf 86' lang='lat' dir='ltr'><strong>districte</strong></span> <span class='ocrx_word' id='word_1_370' title='bbox 1166 3078 1363 3150; x_wconf 79' lang='lat' dir='ltr'><strong>precipimus,</strong></span> <span class='ocrx_word' id='word_1_371' title='bbox 1375 3085 1533 3151; x_wconf 87' lang='lat' dir='ltr'><strong>quatenus,</strong></span> <span class='ocrx_word' id='word_1_372' title='bbox 1545 3081 1601 3137; x_wconf 89' lang='lat' dir='ltr'><strong>nisi</strong></span> <span class='ocrx_word' id='word_1_373' title='bbox 1614 3081 1682 3138; x_wconf 82' lang='lat' dir='ltr'><strong>dicti</strong></span> <span class='ocrx_word' id='word_1_374' title='bbox 1702 3099 1802 3156; x_wconf 81' lang='lat' dir='ltr'><strong>proepo</strong></span> 
     </span>
     <span class='ocr_line' id='line_1_36' title="bbox 101 3166 1800 3240; baseline 0.003 -17"><span class='ocrx_word' id='word_1_375' title='bbox 101 3184 159 3224; x_wconf 91' lang='lat' dir='ltr'><strong>nou</strong></span> <span class='ocrx_word' id='word_1_376' title='bbox 176 3183 344 3239; x_wconf 87' lang='lat' dir='ltr'><strong>possemus.</strong></span> <span class='ocrx_word' id='word_1_377' title='bbox 978 3168 1053 3224; x_wconf 89' lang='lat' dir='ltr'><strong>situs</strong></span> <span class='ocrx_word' id='word_1_378' title='bbox 1069 3172 1098 3223; x_wconf 89' lang='lat' dir='ltr'><strong>et</strong></span> <span class='ocrx_word' id='word_1_379' title='bbox 1110 3166 1283 3240; x_wconf 89' lang='lat' dir='ltr'><strong>capitulum,</strong></span> <span class='ocrx_word' id='word_1_380' title='bbox 1298 3169 1334 3224; x_wconf 89' lang='lat' dir='ltr'><strong>ad</strong></span> <span class='ocrx_word' id='word_1_381' title='bbox 1352 3169 1543 3225; x_wconf 87' lang='lat' dir='ltr'><strong>monitionem</strong></span> <span class='ocrx_word' id='word_1_382' title='bbox 1561 3174 1699 3238; x_wconf 85' lang='lat' dir='ltr'><strong>vestrum,</strong></span> <span class='ocrx_word' id='word_1_383' title='bbox 1726 3173 1800 3228; x_wconf 90' lang='lat' dir='ltr'><strong>sub-</strong></span> 
     </span>
     <span class='ocr_line' id='line_1_37' title="bbox 136 3255 1801 3329; baseline 0.003 -17"><span class='ocrx_word' id='word_1_384' title='bbox 136 3260 199 3312; x_wconf 88' lang='lat' dir='ltr'><strong>Dat.</strong></span> <span class='ocrx_word' id='word_1_385' title='bbox 216 3256 372 3313; x_wconf 84' lang='lat' dir='ltr'><strong>Ferentini.</strong></span> <span class='ocrx_word' id='word_1_386' title='bbox 389 3274 435 3313; x_wconf 88' lang='lat' dir='ltr'><strong>xiv</strong></span> <span class='ocrx_word' id='word_1_387' title='bbox 451 3256 514 3313; x_wconf 87' lang='lat' dir='ltr'><strong>lial.</strong></span> <span class='ocrx_word' id='word_1_388' title='bbox 530 3257 611 3315; x_wconf 81' lang='lat' dir='ltr'><strong>tulii.</strong></span> <span class='ocrx_word' id='word_1_389' title='bbox 977 3257 1131 3313; x_wconf 90' lang='lat' dir='ltr'><strong>diaconum</strong></span> <span class='ocrx_word' id='word_1_390' title='bbox 1148 3255 1260 3328; x_wconf 89' lang='lat' dir='ltr'><strong>ipsum,</strong></span> <span class='ocrx_word' id='word_1_391' title='bbox 1289 3262 1376 3329; x_wconf 89' lang='lat' dir='ltr'><strong>prout</strong></span> <span class='ocrx_word' id='word_1_392' title='bbox 1390 3261 1435 3312; x_wconf 89' lang='lat' dir='ltr'><strong>est</strong></span> <span class='ocrx_word' id='word_1_393' title='bbox 1449 3258 1597 3315; x_wconf 87' lang='lat' dir='ltr'><strong>decretum</strong></span> <span class='ocrx_word' id='word_1_394' title='bbox 1615 3277 1632 3315; x_wconf 91' lang='lat' dir='ltr'><strong>a</strong></span> <span class='ocrx_word' id='word_1_395' title='bbox 1656 3259 1754 3328; x_wconf 91' lang='lat' dir='ltr'><strong>nobis,</strong></span> <span class='ocrx_word' id='word_1_396' title='bbox 1769 3261 1801 3317; x_wconf 92' lang='lat' dir='ltr'><strong>in</strong></span> 
     </span>
     <span class='ocr_line' id='line_1_38' title="bbox 470 3346 1803 3439; baseline 0.004 -38"><span class='ocrx_word' id='word_1_397' title='bbox 470 3383 542 3439; x_wconf 70' lang='lat' dir='ltr'><strong>XCV</strong></span> <span class='ocrx_word' id='word_1_398' title='bbox 977 3346 1149 3403; x_wconf 91' lang='lat' dir='ltr'><strong>canonicum</strong></span> <span class='ocrx_word' id='word_1_399' title='bbox 1162 3346 1359 3417; x_wconf 90' lang='lat' dir='ltr'><strong>receperiutet</strong></span> <span class='ocrx_word' id='word_1_400' title='bbox 1370 3346 1400 3402; x_wconf 95' lang='lat' dir='ltr'><strong>in</strong></span> <span class='ocrx_word' id='word_1_401' title='bbox 1416 3348 1615 3419; x_wconf 85' lang='lat' dir='ltr'><strong>tratrem,vos,</strong></span> <span class='ocrx_word' id='word_1_402' title='bbox 1627 3349 1803 3407; x_wconf 87' lang='lat' dir='ltr'><strong>auctoritate</strong></span> 
     </span>
    </p>
   </div>
   <div class='ocr_carea' id='block_1_6' title="bbox 100 3435 1802 3612">
    <p class='ocr_par' dir='ltr' id='par_1_11' title="bbox 100 3435 1802 3612">
     <span class='ocr_line' id='line_1_39' title="bbox 976 3435 1802 3509; baseline 0.006 -18"><span class='ocrx_word' id='word_1_403' title='bbox 976 3435 1802 3509; x_wconf 78' lang='lat' dir='ltr'><strong>nostrasutIulti,eiiminprebendapossessiouemillius</strong></span> 
     </span>
     <span class='ocr_line' id='line_1_40' title="bbox 100 3488 1567 3545; baseline 0.007 -17"><span class='ocrx_word' id='word_1_404' title='bbox 100 3488 231 3539; x_wconf 79' lang='lat' dir='ltr'><strong>eiurari,</strong></span> <span class='ocrx_word' id='word_1_405' title='bbox 248 3488 653 3540; x_wconf 80' lang='lat' dir='ltr'><strong>roauirauriiinio,w1ccemio</strong></span> <span class='ocrx_word' id='word_1_406' title='bbox 669 3491 793 3545; x_wconf 80' lang='lat' dir='ltr'><strong>inserui,</strong></span> <span class='ocrx_word' id='word_1_407' title='bbox 809 3493 924 3533; x_wconf 76' lang='lat' dir='ltr'><strong>suanin-</strong></span> <span class='ocrx_word' id='word_1_408' title='bbox 1113 3525 1118 3535; x_wconf 92' lang='lat'><strong>.</strong></span> <span class='ocrx_word' id='word_1_409' title='bbox 1183 3523 1189 3534; x_wconf 88' lang='lat'><strong>.</strong></span> <span class='ocrx_word' id='word_1_410' title='bbox 1400 3523 1406 3537; x_wconf 93' lang='lat'><strong>.</strong></span> <span class='ocrx_word' id='word_1_411' title='bbox 1561 3526 1567 3538; x_wconf 87' lang='lat'><strong>.</strong></span> 
     </span>
     <span class='ocr_line' id='line_1_41' title="bbox 207 3524 1801 3612; baseline 0.004 -35"><span class='ocrx_word' id='word_1_412' title='bbox 207 3560 279 3599; x_wconf 53' lang='grc' dir='ltr'><strong>ΜΟ</strong></span> <span class='ocrx_word' id='word_1_413' title='bbox 291 3560 381 3610; x_wconf 50' lang='grc' dir='ltr'><strong>ΡΜ,</strong></span> <span class='ocrx_word' id='word_1_414' title='bbox 397 3559 544 3612; x_wconf 47' lang='lat' dir='ltr'><strong>mmo,</strong></span> <span class='ocrx_word' id='word_1_415' title='bbox 561 3562 814 3603; x_wconf 34' lang='lat' dir='ltr'><strong>,mowcfflfflgus‘</strong></span> <span class='ocrx_word' id='word_1_416' title='bbox 976 3527 1167 3597; x_wconf 79' lang='lat' dir='ltr'><strong>corporaliter</strong></span> <span class='ocrx_word' id='word_1_417' title='bbox 1181 3524 1365 3592; x_wconf 81' lang='lat' dir='ltr'><strong>inducentes,</strong></span> <span class='ocrx_word' id='word_1_418' title='bbox 1382 3540 1407 3578; x_wconf 90' lang='lat' dir='ltr'><strong>ei</strong></span> <span class='ocrx_word' id='word_1_419' title='bbox 1424 3524 1544 3581; x_wconf 86' lang='lat' dir='ltr'><strong>stallum</strong></span> <span class='ocrx_word' id='word_1_420' title='bbox 1560 3542 1589 3581; x_wconf 92' lang='lat' dir='ltr'><strong>in</strong></span> <span class='ocrx_word' id='word_1_421' title='bbox 1605 3526 1693 3583; x_wconf 89' lang='lat' dir='ltr'><strong>choro</strong></span> <span class='ocrx_word' id='word_1_422' title='bbox 1708 3531 1738 3583; x_wconf 88' lang='lat' dir='ltr'><strong>et</strong></span> <span class='ocrx_word' id='word_1_423' title='bbox 1758 3527 1801 3585; x_wconf 91' lang='lat' dir='ltr'><strong>lo·</strong></span> 
     </span>
    </p>
   </div>
   <div class='ocr_carea' id='block_1_7' title="bbox 102 3611 1801 3862">
    <p class='ocr_par' dir='ltr' id='par_1_12' title="bbox 102 3611 1801 3862">
     <span class='ocr_line' id='line_1_42' title="bbox 102 3611 1801 3714; baseline 0.006 -51"><span class='ocrx_word' id='word_1_424' title='bbox 102 3641 133 3696; x_wconf 71' lang='lat' dir='ltr'><strong>U,</strong></span> <span class='ocrx_word' id='word_1_425' title='bbox 147 3645 179 3695; x_wconf 42' lang='lat' dir='ltr'><strong>A·</strong></span> <span class='ocrx_word' id='word_1_426' title='bbox 194 3641 290 3696; x_wconf 55' lang='lat' dir='ltr'><strong>Tame,</strong></span> <span class='ocrx_word' id='word_1_427' title='bbox 317 3640 513 3695; x_wconf 57' lang='lat' dir='ltr'><strong><em>mbdiaconum</em></strong></span> <span class='ocrx_word' id='word_1_428' title='bbox 541 3644 570 3696; x_wconf 62' lang='lat' dir='ltr'><strong>,n</strong></span> <span class='ocrx_word' id='word_1_429' title='bbox 586 3642 748 3699; x_wconf 54' lang='lat' dir='ltr'><em>canonicum</em></span> <span class='ocrx_word' id='word_1_430' title='bbox 762 3650 789 3698; x_wconf 54' lang='lat' dir='ltr'><strong>e,</strong></span> <span class='ocrx_word' id='word_1_431' title='bbox 802 3646 921 3714; x_wconf 54' lang='lat' dir='ltr'><strong>,mm</strong></span> <span class='ocrx_word' id='word_1_432' title='bbox 975 3630 1042 3671; x_wconf 92' lang='lat' dir='ltr'><strong>cum</strong></span> <span class='ocrx_word' id='word_1_433' title='bbox 1057 3613 1085 3668; x_wconf 92' lang='lat' dir='ltr'><strong>in</strong></span> <span class='ocrx_word' id='word_1_434' title='bbox 1102 3612 1245 3685; x_wconf 89' lang='lat' dir='ltr'><strong>Capitulo,</strong></span> <span class='ocrx_word' id='word_1_435' title='bbox 1257 3611 1374 3668; x_wconf 88' lang='lat' dir='ltr'><strong>sublato</strong></span> <span class='ocrx_word' id='word_1_436' title='bbox 1387 3612 1545 3684; x_wconf 86' lang='lat' dir='ltr'><strong>cujuslibet</strong></span> <span class='ocrx_word' id='word_1_437' title='bbox 1560 3615 1801 3673; x_wconf 84' lang='lat' dir='ltr'><strong>contradictionis</strong></span> 
     </span>
     <span class='ocr_line' id='line_1_43' title="bbox 136 3682 1799 3804; baseline 0.007 -38"><span class='ocrx_word' id='word_1_438' title='bbox 136 3728 154 3766; x_wconf 89' lang='lat' dir='ltr'><strong>a</strong></span> <span class='ocrx_word' id='word_1_439' title='bbox 170 3683 319 3783; x_wconf 65' lang='lat' dir='ltr'><strong>praepotiio</strong></span> <span class='ocrx_word' id='word_1_440' title='bbox 334 3719 360 3766; x_wconf 91' lang='lat' dir='ltr'><strong>et</strong></span> <span class='ocrx_word' id='word_1_441' title='bbox 376 3712 496 3783; x_wconf 83' lang='lat' dir='ltr'><strong>capitulo</strong></span> <span class='ocrx_word' id='word_1_442' title='bbox 511 3682 538 3768; x_wconf 65' lang='grc' dir='ltr'><em>ὲ</em></span> <span class='ocrx_word' id='word_1_443' title='bbox 551 3713 683 3779; x_wconf 75' lang='lat' dir='ltr'><strong>tectorii,</strong></span> <span class='ocrx_word' id='word_1_444' title='bbox 701 3715 786 3785; x_wconf 81' lang='lat' dir='ltr'><strong>juata</strong></span> <span class='ocrx_word' id='word_1_445' title='bbox 801 3725 921 3773; x_wconf 84' lang='lat' dir='ltr'><strong>tenorem</strong></span> <span class='ocrx_word' id='word_1_446' title='bbox 975 3707 1003 3759; x_wconf 67' lang='grc' dir='ltr'><strong>θῑ</strong></span> <span class='ocrx_word' id='word_1_447' title='bbox 1019 3700 1224 3775; x_wconf 53' lang='grc' dir='ltr'><strong>ιιΡΙΝῙῙΜῙΟῘῚῙ8</strong></span> <span class='ocrx_word' id='word_1_448' title='bbox 1239 3701 1401 3802; x_wconf 58' lang='lat' dir='ltr'><strong>⁰h⁵t⁸⁰⁰¹⁰3</strong></span> <span class='ocrx_word' id='word_1_449' title='bbox 1414 3703 1583 3804; x_wconf 50' lang='lat' dir='ltr'><strong>ffiissileiiffl</strong></span> <span class='ocrx_word' id='word_1_450' title='bbox 1593 3704 1799 3804; x_wconf 53' lang='lat' dir='ltr'><strong>C⁰⁰ii¹⁸di⁰¹ffi</strong></span> 
     </span>
     <span class='ocr_line' id='line_1_44' title="bbox 133 3782 1799 3862; baseline 0.009 -25"><span class='ocrx_word' id='word_1_451' title='bbox 133 3782 263 3839; x_wconf 66' lang='lat' dir='ltr'><strong>mandat</strong></span> <span class='ocrx_word' id='word_1_452' title='bbox 289 3784 434 3854; x_wconf 82' lang='lat' dir='ltr'><strong>apostolici</strong></span> <span class='ocrx_word' id='word_1_453' title='bbox 457 3783 490 3839; x_wconf 81' lang='lat' dir='ltr'><strong>rie</strong></span> <span class='ocrx_word' id='word_1_454' title='bbox 505 3785 554 3840; x_wconf 82' lang='lat' dir='ltr'><strong>troc</strong></span> <span class='ocrx_word' id='word_1_455' title='bbox 575 3786 637 3856; x_wconf 80' lang='lat' dir='ltr'><strong>jam</strong></span> <span class='ocrx_word' id='word_1_456' title='bbox 662 3785 733 3857; x_wconf 83' lang='lat' dir='ltr'><strong>dati,</strong></span> <span class='ocrx_word' id='word_1_457' title='bbox 761 3789 849 3860; x_wconf 81' lang='lat' dir='ltr'><strong>recipi</strong></span> <span class='ocrx_word' id='word_1_458' title='bbox 875 3789 892 3860; x_wconf 70' lang='lat' dir='ltr'><strong>t</strong></span> <span class='ocrx_word' id='word_1_459' title='bbox 910 3818 921 3830; x_wconf 95' lang='lat'><strong>·</strong></span> <span class='ocrx_word' id='word_1_460' title='bbox 974 3807 1054 3847; x_wconf 87' lang='lat' dir='ltr'><strong>res...</strong></span> <span class='ocrx_word' id='word_1_461' title='bbox 1074 3806 1126 3846; x_wconf 87' lang='lat' dir='ltr'><strong>uec</strong></span> <span class='ocrx_word' id='word_1_462' title='bbox 1139 3790 1236 3845; x_wconf 90' lang='lat' dir='ltr'><strong>obstet</strong></span> <span class='ocrx_word' id='word_1_463' title='bbox 1251 3792 1399 3862; x_wconf 80' lang='lat' dir='ltr'><strong>praepositi</strong></span> <span class='ocrx_word' id='word_1_464' title='bbox 1411 3791 1554 3862; x_wconf 77' lang='lat' dir='ltr'><strong>Jamdieti</strong></span> <span class='ocrx_word' id='word_1_465' title='bbox 1569 3792 1713 3861; x_wconf 86' lang='lat' dir='ltr'><strong>absentia,</strong></span> <span class='ocrx_word' id='word_1_466' title='bbox 1729 3810 1799 3852; x_wconf 86' lang='lat' dir='ltr'><strong>curu</strong></span> 
     </span>
    </p>
   </div>
   <div class='ocr_carea' id='block_1_8' title="bbox 101 3854 1801 4218">
    <p class='ocr_par' dir='ltr' id='par_1_13' title="bbox 133 3854 1801 4041">
     <span class='ocr_line' id='line_1_45' title="bbox 133 3854 1800 3953; baseline 0.004 -21"><span class='ocrx_word' id='word_1_467' title='bbox 133 3854 222 3910; x_wconf 48' lang='lat' dir='ltr'><em>aaut·</em></span> <span class='ocrx_word' id='word_1_468' title='bbox 413 3926 418 3937; x_wconf 85' lang='lat'><strong>.</strong></span> <span class='ocrx_word' id='word_1_469' title='bbox 446 3924 451 3936; x_wconf 94' lang='lat'><strong>.</strong></span> <span class='ocrx_word' id='word_1_470' title='bbox 684 3927 700 3939; x_wconf 90' lang='lat'><strong>..</strong></span> <span class='ocrx_word' id='word_1_471' title='bbox 975 3878 1096 3936; x_wconf 90' lang='lat' dir='ltr'><strong>Parisiis</strong></span> <span class='ocrx_word' id='word_1_472' title='bbox 1113 3878 1218 3934; x_wconf 92' lang='lat' dir='ltr'><strong>morari</strong></span> <span class='ocrx_word' id='word_1_473' title='bbox 1236 3878 1361 3947; x_wconf 89' lang='lat' dir='ltr'><strong>dicatur,</strong></span> <span class='ocrx_word' id='word_1_474' title='bbox 1377 3879 1400 3935; x_wconf 92' lang='lat' dir='ltr'><strong>si</strong></span> <span class='ocrx_word' id='word_1_475' title='bbox 1417 3878 1579 3953; x_wconf 90' lang='lat' dir='ltr'><strong>capitulum</strong></span> <span class='ocrx_word' id='word_1_476' title='bbox 1602 3897 1665 3937; x_wconf 89' lang='lat' dir='ltr'><strong>eam</strong></span> <span class='ocrx_word' id='word_1_477' title='bbox 1682 3882 1717 3936; x_wconf 88' lang='lat' dir='ltr'><strong>ad</strong></span> <span class='ocrx_word' id='word_1_478' title='bbox 1734 3883 1800 3939; x_wconf 91' lang='lat' dir='ltr'><strong>elu-</strong></span> 
     </span>
     <span class='ocr_line' id='line_1_46' title="bbox 294 3925 1801 4041; baseline 0.003 -18"><span class='ocrx_word' id='word_1_479' title='bbox 294 3925 464 3993; x_wconf 56' lang='lat' dir='ltr'>(annm&#39;</span> <span class='ocrx_word' id='word_1_480' title='bbox 481 3942 537 3994; x_wconf 55' lang='grc' dir='ltr'><strong>ω’</strong></span> <span class='ocrx_word' id='word_1_481' title='bbox 554 3926 616 3983; x_wconf 55' lang='lat' dir='ltr'>m</span> <span class='ocrx_word' id='word_1_482' title='bbox 632 3925 726 3999; x_wconf 50' lang='grc' dir='ltr'><strong>Μ’)</strong></span> <span class='ocrx_word' id='word_1_483' title='bbox 974 3968 1086 4026; x_wconf 90' lang='lat' dir='ltr'><strong>sionem</strong></span> <span class='ocrx_word' id='word_1_484' title='bbox 1094 3968 1225 4024; x_wconf 89' lang='lat' dir='ltr'><strong>mandati</strong></span> <span class='ocrx_word' id='word_1_485' title='bbox 1237 3968 1474 4025; x_wconf 82' lang='lat' dir='ltr'><strong>nostridureriut</strong></span> <span class='ocrx_word' id='word_1_486' title='bbox 1485 3968 1801 4041; x_wconf 87' lang='lat' dir='ltr'><strong>allegandam.Taliter</strong></span> 
     </span>
    </p>

    <p class='ocr_par' dir='ltr' id='par_1_14' title="bbox 101 4039 1799 4218">
     <span class='ocr_line' id='line_1_47' title="bbox 135 4039 1798 4130; baseline 0.013 -36"><span class='ocrx_word' id='word_1_487' title='bbox 135 4039 261 4097; x_wconf 89' lang='lat' dir='ltr'><strong>Veniens</strong></span> <span class='ocrx_word' id='word_1_488' title='bbox 277 4040 519 4113; x_wconf 59' lang='lat' dir='ltr'><strong>adapostolicam</strong></span> <span class='ocrx_word' id='word_1_489' title='bbox 536 4045 635 4100; x_wconf 78' lang='lat' dir='ltr'><strong>sedem</strong></span> <span class='ocrx_word' id='word_1_490' title='bbox 646 4044 771 4101; x_wconf 73' lang='lat' dir='ltr'><strong>dilectus</strong></span> <span class='ocrx_word' id='word_1_491' title='bbox 786 4045 875 4112; x_wconf 67' lang='lat' dir='ltr'><strong>filius,</strong></span> <span class='ocrx_word' id='word_1_492' title='bbox 886 4050 919 4104; x_wconf 76' lang='lat' dir='ltr'><strong>A·</strong></span> <span class='ocrx_word' id='word_1_493' title='bbox 974 4063 1072 4113; x_wconf 85' lang='lat' dir='ltr'><strong>cutem</strong></span> <span class='ocrx_word' id='word_1_494' title='bbox 1082 4055 1457 4129; x_wconf 89' lang='lat' dir='ltr'><strong>mandatumaposlolicum</strong></span> <span class='ocrx_word' id='word_1_495' title='bbox 1468 4056 1798 4130; x_wconf 86' lang='lat' dir='ltr'><strong>impleatis‚quodidem</strong></span> 
     </span>
     <span class='ocr_line' id='line_1_48' title="bbox 101 4129 1799 4218; baseline 0.01 -33"><span class='ocrx_word' id='word_1_496' title='bbox 101 4129 221 4196; x_wconf 89' lang='lat' dir='ltr'><strong>Taines,</strong></span> <span class='ocrx_word' id='word_1_497' title='bbox 247 4130 457 4199; x_wconf 87' lang='lat' dir='ltr'><strong>subdiaconus,</strong></span> <span class='ocrx_word' id='word_1_498' title='bbox 487 4133 595 4188; x_wconf 90' lang='lat' dir='ltr'><strong>nostris</strong></span> <span class='ocrx_word' id='word_1_499' title='bbox 616 4133 738 4189; x_wconf 88' lang='lat' dir='ltr'><strong>auribus</strong></span> <span class='ocrx_word' id='word_1_500' title='bbox 763 4133 919 4205; x_wconf 88' lang='lat' dir='ltr'><strong>intimavit,</strong></span> <span class='ocrx_word' id='word_1_501' title='bbox 975 4145 1173 4202; x_wconf 56' lang='lat' dir='ltr'><strong>,prodiaconus</strong></span> <span class='ocrx_word' id='word_1_502' title='bbox 1197 4161 1254 4200; x_wconf 88' lang='lat' dir='ltr'><strong>non</strong></span> <span class='ocrx_word' id='word_1_503' title='bbox 1281 4149 1404 4216; x_wconf 88' lang='lat' dir='ltr'><strong>cogatur</strong></span> <span class='ocrx_word' id='word_1_504' title='bbox 1419 4150 1539 4218; x_wconf 91' lang='lat' dir='ltr'><strong>propter</strong></span> <span class='ocrx_word' id='word_1_505' title='bbox 1560 4145 1614 4203; x_wconf 90' lang='lat' dir='ltr'><strong>hoe</strong></span> <span class='ocrx_word' id='word_1_506' title='bbox 1637 4147 1674 4202; x_wconf 90' lang='lat' dir='ltr'><strong>ad</strong></span> <span class='ocrx_word' id='word_1_507' title='bbox 1698 4148 1799 4205; x_wconf 85' lang='lat' dir='ltr'><strong>sedem</strong></span> 
     </span>
    </p>
   </div>
   <div class='ocr_carea' id='block_1_9' title="bbox 96 4218 1799 4380">
    <p class='ocr_par' dir='ltr' id='par_1_15' title="bbox 96 4218 1799 4380">
     <span class='ocr_line' id='line_1_49' title="bbox 96 4218 1799 4307; baseline 0.008 -27"><span class='ocrx_word' id='word_1_508' title='bbox 96 4218 185 4290; x_wconf 80' lang='lat' dir='ltr'><strong>qued.</strong></span> <span class='ocrx_word' id='word_1_509' title='bbox 203 4234 270 4274; x_wconf 79' lang='lat' dir='ltr'><strong>eum</strong></span> <span class='ocrx_word' id='word_1_510' title='bbox 286 4218 355 4275; x_wconf 76' lang='lat' dir='ltr'><strong>olim</strong></span> <span class='ocrx_word' id='word_1_511' title='bbox 371 4219 487 4276; x_wconf 70' lang='lat' dir='ltr'><strong>dilectis</strong></span> <span class='ocrx_word' id='word_1_512' title='bbox 499 4219 600 4276; x_wconf 64' lang='lat' dir='ltr'><strong>filiis-n</strong></span> <span class='ocrx_word' id='word_1_513' title='bbox 616 4223 782 4294; x_wconf 64' lang='lat' dir='ltr'><strong>preposito.</strong></span> <span class='ocrx_word' id='word_1_514' title='bbox 798 4228 827 4279; x_wconf 75' lang='lat' dir='ltr'><strong>et</strong></span> <span class='ocrx_word' id='word_1_515' title='bbox 842 4225 920 4296; x_wconf 75' lang='lat' dir='ltr'><strong>bebi·</strong></span> <span class='ocrx_word' id='word_1_516' title='bbox 974 4233 1165 4301; x_wconf 85' lang='lat' dir='ltr'><strong>apostolicam</strong></span> <span class='ocrx_word' id='word_1_517' title='bbox 1176 4233 1305 4307; x_wconf 87' lang='lat' dir='ltr'><strong>amplius</strong></span> <span class='ocrx_word' id='word_1_518' title='bbox 1316 4233 1459 4291; x_wconf 88' lang='lat' dir='ltr'><strong>laborare.</strong></span> <span class='ocrx_word' id='word_1_519' title='bbox 1471 4235 1553 4300; x_wconf 87' lang='lat' dir='ltr'><strong>Quod</strong></span> <span class='ocrx_word' id='word_1_520' title='bbox 1563 4234 1799 4294; x_wconf 76' lang='lat' dir='ltr'><strong>sinonomnes...</strong></span> 
     </span>
     <span class='ocr_line' id='line_1_50' title="bbox 97 4305 919 4380; baseline 0.006 -17"><span class='ocrx_word' id='word_1_521' title='bbox 97 4305 158 4363; x_wconf 93' lang='lat' dir='ltr'><strong>tulo</strong></span> <span class='ocrx_word' id='word_1_522' title='bbox 169 4307 267 4363; x_wconf 82' lang='lat' dir='ltr'><strong>Sancti</strong></span> <span class='ocrx_word' id='word_1_523' title='bbox 279 4306 398 4364; x_wconf 84' lang='lat' dir='ltr'><strong>lantani</strong></span> <span class='ocrx_word' id='word_1_524' title='bbox 411 4309 628 4380; x_wconf 86' lang='lat' dir='ltr'><strong>scripserimus,</strong></span> <span class='ocrx_word' id='word_1_525' title='bbox 639 4314 670 4366; x_wconf 92' lang='lat' dir='ltr'><strong>ut</strong></span> <span class='ocrx_word' id='word_1_526' title='bbox 680 4328 747 4367; x_wconf 90' lang='lat' dir='ltr'><strong>eum</strong></span> <span class='ocrx_word' id='word_1_527' title='bbox 759 4312 787 4367; x_wconf 92' lang='lat' dir='ltr'><strong>in</strong></span> <span class='ocrx_word' id='word_1_528' title='bbox 800 4314 919 4370; x_wconf 90' lang='lat' dir='ltr'><strong>canoni·</strong></span> 
     </span>
    </p>
   </div>
   <div class='ocr_carea' id='block_1_10' title="bbox 975 4325 1264 4391">
    <p class='ocr_par' dir='ltr' id='par_1_16' title="bbox 975 4325 1264 4391">
     <span class='ocr_line' id='line_1_51' title="bbox 975 4325 1264 4391; baseline -0.003 -12"><span class='ocrx_word' id='word_1_529' title='bbox 975 4325 1034 4380; x_wconf 92' lang='lat' dir='ltr'><strong>duo</strong></span> <span class='ocrx_word' id='word_1_530' title='bbox 1049 4329 1192 4391; x_wconf 90' lang='lat' dir='ltr'><strong>vestium,</strong></span> <span class='ocrx_word' id='word_1_531' title='bbox 1209 4327 1264 4378; x_wconf 88' lang='lat' dir='ltr'><strong>etc.</strong></span> 
     </span>
    </p>
   </div>
   <div class='ocr_carea' id='block_1_11' title="bbox 97 4396 1558 4482">
    <p class='ocr_par' dir='ltr' id='par_1_17' title="bbox 97 4396 1558 4482">
     <span class='ocr_line' id='line_1_52' title="bbox 97 4396 1558 4482; baseline 0.01 -30"><span class='ocrx_word' id='word_1_532' title='bbox 97 4413 164 4453; x_wconf 92' lang='lat' dir='ltr'><strong>cum</strong></span> <span class='ocrx_word' id='word_1_533' title='bbox 180 4396 380 4471; x_wconf 75' lang='lat' dir='ltr'><strong>radpereutet</strong></span> <span class='ocrx_word' id='word_1_534' title='bbox 393 4398 423 4454; x_wconf 92' lang='lat' dir='ltr'><strong>iu</strong></span> <span class='ocrx_word' id='word_1_535' title='bbox 440 4399 570 4471; x_wconf 83' lang='lat' dir='ltr'><strong>tratrem,</strong></span> <span class='ocrx_word' id='word_1_536' title='bbox 587 4403 693 4458; x_wconf 90' lang='lat' dir='ltr'><strong>dilecto</strong></span> <span class='ocrx_word' id='word_1_537' title='bbox 709 4402 802 4460; x_wconf 86' lang='lat' dir='ltr'><strong>lilio...</strong></span> <span class='ocrx_word' id='word_1_538' title='bbox 814 4404 919 4460; x_wconf 86' lang='lat' dir='ltr'><strong>abbate</strong></span> <span class='ocrx_word' id='word_1_539' title='bbox 935 4397 959 4464; x_wconf 82' lang='lat' dir='ltr'><strong>D</strong></span> <span class='ocrx_word' id='word_1_540' title='bbox 1011 4417 1117 4469; x_wconf 70' lang='lat' dir='ltr'><strong>ilatum</strong></span> <span class='ocrx_word' id='word_1_541' title='bbox 1132 4429 1178 4468; x_wconf 76' lang='lat' dir='ltr'><strong>nv</strong></span> <span class='ocrx_word' id='word_1_542' title='bbox 1196 4410 1259 4467; x_wconf 81' lang='lat' dir='ltr'><strong>Kal.</strong></span> <span class='ocrx_word' id='word_1_543' title='bbox 1275 4411 1359 4482; x_wconf 86' lang='lat' dir='ltr'><strong>lolii,</strong></span> <span class='ocrx_word' id='word_1_544' title='bbox 1375 4427 1451 4468; x_wconf 89' lang='lat' dir='ltr'><strong>anno</strong></span> <span class='ocrx_word' id='word_1_545' title='bbox 1467 4415 1558 4468; x_wconf 84' lang='lat' dir='ltr'><strong>sexto.</strong></span> 
     </span>
    </p>
   </div>
   <div class='ocr_carea' id='block_1_12' title="bbox 94 4485 921 5188">
    <p class='ocr_par' dir='ltr' id='par_1_18' title="bbox 94 4485 921 5188">
     <span class='ocr_line' id='line_1_53' title="bbox 96 4485 919 4564; baseline 0.015 -26"><span class='ocrx_word' id='word_1_546' title='bbox 96 4485 236 4544; x_wconf 88' lang='lat' dir='ltr'><strong>Vosiensi&#39;</strong></span> <span class='ocrx_word' id='word_1_547' title='bbox 247 4488 331 4559; x_wconf 89' lang='grc'><strong>(206),</strong></span> <span class='ocrx_word' id='word_1_548' title='bbox 360 4486 405 4543; x_wconf 94' lang='lat' dir='ltr'><strong>illi</strong></span> <span class='ocrx_word' id='word_1_549' title='bbox 430 4494 619 4559; x_wconf 89' lang='lat' dir='ltr'><strong>procuratore</strong></span> <span class='ocrx_word' id='word_1_550' title='bbox 646 4508 796 4564; x_wconf 86' lang='lat' dir='ltr'><strong>concesso,</strong></span> <span class='ocrx_word' id='word_1_551' title='bbox 813 4498 845 4548; x_wconf 92' lang='lat' dir='ltr'><strong>ut</strong></span> <span class='ocrx_word' id='word_1_552' title='bbox 859 4510 919 4562; x_wconf 89' lang='lat' dir='ltr'><strong>eos,</strong></span> 
     </span>
     <span class='ocr_line' id='line_1_54' title="bbox 97 4575 919 4653; baseline 0.011 -23"><span class='ocrx_word' id='word_1_553' title='bbox 97 4575 154 4630; x_wconf 91' lang='lat' dir='ltr'><strong>nisi</strong></span> <span class='ocrx_word' id='word_1_554' title='bbox 183 4591 303 4632; x_wconf 90' lang='lat' dir='ltr'><strong>oausam</strong></span> <span class='ocrx_word' id='word_1_555' title='bbox 330 4577 518 4635; x_wconf 90' lang='lat' dir='ltr'><strong>ostenderent</strong></span> <span class='ocrx_word' id='word_1_556' title='bbox 544 4580 737 4636; x_wconf 77' lang='lat' dir='ltr'><strong>sufficientem</strong></span> <span class='ocrx_word' id='word_1_557' title='bbox 755 4586 783 4638; x_wconf 90' lang='lat' dir='ltr'><strong>et</strong></span> <span class='ocrx_word' id='word_1_558' title='bbox 806 4583 919 4653; x_wconf 88' lang='lat' dir='ltr'><strong>justam</strong></span> 
     </span>
     <span class='ocr_line' id='line_1_55' title="bbox 95 4664 921 4741; baseline 0.013 -24"><span class='ocrx_word' id='word_1_559' title='bbox 95 4679 184 4731; x_wconf 89' lang='lat' dir='ltr'><strong>quare</strong></span> <span class='ocrx_word' id='word_1_560' title='bbox 201 4680 259 4720; x_wconf 92' lang='lat' dir='ltr'><strong>nou</strong></span> <span class='ocrx_word' id='word_1_561' title='bbox 273 4668 351 4720; x_wconf 89' lang='lat' dir='ltr'><strong>esset</strong></span> <span class='ocrx_word' id='word_1_562' title='bbox 366 4664 553 4738; x_wconf 89' lang='lat' dir='ltr'><strong>recipiendus</strong></span> <span class='ocrx_word' id='word_1_563' title='bbox 567 4669 603 4723; x_wconf 91' lang='lat' dir='ltr'><strong>ab</strong></span> <span class='ocrx_word' id='word_1_564' title='bbox 619 4669 672 4737; x_wconf 86' lang='lat' dir='ltr'><strong>eis,</strong></span> <span class='ocrx_word' id='word_1_565' title='bbox 692 4686 743 4741; x_wconf 91' lang='lat' dir='ltr'><strong>per</strong></span> <span class='ocrx_word' id='word_1_566' title='bbox 757 4671 921 4728; x_wconf 90' lang='lat' dir='ltr'><strong>districtio·</strong></span> 
     </span>
     <span class='ocr_line' id='line_1_56' title="bbox 95 4752 920 4829; baseline 0.013 -22"><span class='ocrx_word' id='word_1_567' title='bbox 95 4767 162 4808; x_wconf 91' lang='lat' dir='ltr'><strong>nem</strong></span> <span class='ocrx_word' id='word_1_568' title='bbox 178 4752 409 4809; x_wconf 86' lang='lat' dir='ltr'><strong>ecclesiasticam</strong></span> <span class='ocrx_word' id='word_1_569' title='bbox 425 4755 504 4811; x_wconf 90' lang='lat' dir='ltr'><strong>omni</strong></span> <span class='ocrx_word' id='word_1_570' title='bbox 521 4756 716 4829; x_wconf 86' lang='lat' dir='ltr'><strong>appellatione</strong></span> <span class='ocrx_word' id='word_1_571' title='bbox 737 4765 766 4816; x_wconf 88' lang='lat' dir='ltr'><strong>et</strong></span> <span class='ocrx_word' id='word_1_572' title='bbox 780 4760 920 4818; x_wconf 85' lang='lat' dir='ltr'><strong>dilatione</strong></span> 
     </span>
     <span class='ocr_line' id='line_1_57' title="bbox 94 4843 919 4920; baseline 0.013 -24"><span class='ocrx_word' id='word_1_573' title='bbox 94 4846 239 4909; x_wconf 88' lang='lat' dir='ltr'><strong>cessante,</strong></span> <span class='ocrx_word' id='word_1_574' title='bbox 257 4843 492 4915; x_wconf 88' lang='lat' dir='ltr'><strong>compelleretad</strong></span> <span class='ocrx_word' id='word_1_575' title='bbox 511 4848 707 4918; x_wconf 89' lang='lat' dir='ltr'><strong>receptionem</strong></span> <span class='ocrx_word' id='word_1_576' title='bbox 720 4850 826 4920; x_wconf 89' lang='lat' dir='ltr'><strong>ipsius,</strong></span> <span class='ocrx_word' id='word_1_577' title='bbox 842 4851 919 4907; x_wconf 90' lang='lat' dir='ltr'><strong>idem</strong></span> 
     </span>
     <span class='ocr_line' id='line_1_58' title="bbox 95 4929 920 5010; baseline 0.013 -25"><span class='ocrx_word' id='word_1_578' title='bbox 95 4929 187 4987; x_wconf 88' lang='lat' dir='ltr'><strong>abbas</strong></span> <span class='ocrx_word' id='word_1_579' title='bbox 213 4932 292 4988; x_wconf 92' lang='lat' dir='ltr'><strong>diem</strong></span> <span class='ocrx_word' id='word_1_580' title='bbox 308 4933 442 5005; x_wconf 88' lang='lat' dir='ltr'><strong>partibus</strong></span> <span class='ocrx_word' id='word_1_581' title='bbox 471 4935 579 5007; x_wconf 83' lang='lat' dir='ltr'><strong>sapius</strong></span> <span class='ocrx_word' id='word_1_582' title='bbox 594 4938 767 5009; x_wconf 84' lang='lat' dir='ltr'><strong>assignavit.</strong></span> <span class='ocrx_word' id='word_1_583' title='bbox 787 4939 817 4994; x_wconf 90' lang='lat' dir='ltr'><strong>lu</strong></span> <span class='ocrx_word' id='word_1_584' title='bbox 834 4940 920 5010; x_wconf 87' lang='lat' dir='ltr'><strong>cujus</strong></span> 
     </span>
     <span class='ocr_line' id='line_1_59' title="bbox 94 5019 920 5099; baseline 0.013 -25"><span class='ocrx_word' id='word_1_585' title='bbox 94 5019 214 5075; x_wconf 88' lang='lat' dir='ltr'><strong>taudem</strong></span> <span class='ocrx_word' id='word_1_586' title='bbox 239 5021 398 5092; x_wconf 81' lang='lat' dir='ltr'><strong>prasentia</strong></span> <span class='ocrx_word' id='word_1_587' title='bbox 412 5022 592 5094; x_wconf 90' lang='lat' dir='ltr'><strong>quibusdam</strong></span> <span class='ocrx_word' id='word_1_588' title='bbox 608 5042 642 5082; x_wconf 88' lang='lat' dir='ltr'><strong>ex</strong></span> <span class='ocrx_word' id='word_1_589' title='bbox 657 5027 806 5083; x_wconf 89' lang='lat' dir='ltr'><strong>canonicis</strong></span> <span class='ocrx_word' id='word_1_590' title='bbox 825 5027 920 5099; x_wconf 89' lang='lat' dir='ltr'><strong>ipsius</strong></span> 
     </span>
     <span class='ocr_line' id='line_1_60' title="bbox 94 5105 919 5188; baseline 0.012 -25"><span class='ocrx_word' id='word_1_591' title='bbox 94 5105 223 5165; x_wconf 81' lang='lat' dir='ltr'><strong>ecclesia</strong></span> <span class='ocrx_word' id='word_1_592' title='bbox 238 5124 272 5164; x_wconf 85' lang='lat' dir='ltr'><strong>ex</strong></span> <span class='ocrx_word' id='word_1_593' title='bbox 286 5112 593 5182; x_wconf 59' lang='lat' dir='ltr'><strong>partessunlversitatis,</strong></span> <span class='ocrx_word' id='word_1_594' title='bbox 610 5120 640 5171; x_wconf 89' lang='lat' dir='ltr'><strong>et</strong></span> <span class='ocrx_word' id='word_1_595' title='bbox 654 5115 719 5188; x_wconf 92' lang='lat' dir='ltr'><strong>ipso</strong></span> <span class='ocrx_word' id='word_1_596' title='bbox 739 5117 919 5172; x_wconf 87' lang='lat' dir='ltr'><strong>subdiacono</strong></span> 
     </span>
    </p>
   </div>
   <div class='ocr_carea' id='block_1_13' title="bbox 94 5231 918 5595">
    <p class='ocr_par' dir='ltr' id='par_1_19' title="bbox 94 5231 918 5452">
     <span class='ocr_line' id='line_1_61' title="bbox 130 5231 917 5309; baseline 0.011 -22"><span class='ocrx_word' id='word_1_597' title='bbox 130 5231 206 5303; x_wconf 84' lang='grc'><strong>(206)</strong></span> <span class='ocrx_word' id='word_1_598' title='bbox 230 5233 332 5290; x_wconf 89' lang='lat' dir='ltr'><strong>Petrus</strong></span> <span class='ocrx_word' id='word_1_599' title='bbox 347 5234 381 5290; x_wconf 90' lang='lat' dir='ltr'><strong>V.</strong></span> <span class='ocrx_word' id='word_1_600' title='bbox 398 5236 489 5292; x_wconf 89' lang='lat' dir='ltr'><strong>abbas</strong></span> <span class='ocrx_word' id='word_1_601' title='bbox 503 5236 667 5309; x_wconf 88' lang='lat' dir='ltr'><strong>Vosiensis,</strong></span> <span class='ocrx_word' id='word_1_602' title='bbox 684 5257 761 5296; x_wconf 88' lang='lat' dir='ltr'><strong>anno</strong></span> <span class='ocrx_word' id='word_1_603' title='bbox 775 5241 854 5308; x_wconf 81' lang='grc'><strong>1202,</strong></span> <span class='ocrx_word' id='word_1_604' title='bbox 871 5241 917 5296; x_wconf 92' lang='lat' dir='ltr'><strong>iu·</strong></span> 
     </span>
     <span class='ocr_line' id='line_1_62' title="bbox 94 5301 918 5381; baseline 0.015 -23"><span class='ocrx_word' id='word_1_605' title='bbox 94 5301 222 5361; x_wconf 89' lang='lat' dir='ltr'><strong>dictione</strong></span> <span class='ocrx_word' id='word_1_606' title='bbox 236 5322 273 5373; x_wconf 91' lang='lat' dir='ltr'><strong>v;</strong></span> <span class='ocrx_word' id='word_1_607' title='bbox 291 5322 357 5362; x_wconf 85' lang='lat' dir='ltr'><strong>mox</strong></span> <span class='ocrx_word' id='word_1_608' title='bbox 368 5307 564 5381; x_wconf 81' lang='lat' dir='ltr'><strong>iluimundus,</strong></span> <span class='ocrx_word' id='word_1_609' title='bbox 576 5327 653 5369; x_wconf 90' lang='lat' dir='ltr'><strong>anno</strong></span> <span class='ocrx_word' id='word_1_610' title='bbox 670 5312 750 5380; x_wconf 85' lang='grc'><strong>1205,</strong></span> <span class='ocrx_word' id='word_1_611' title='bbox 763 5312 791 5367; x_wconf 92' lang='lat' dir='ltr'><strong>iu</strong></span> <span class='ocrx_word' id='word_1_612' title='bbox 808 5312 918 5369; x_wconf 89' lang='lat' dir='ltr'><strong>instra-</strong></span> 
     </span>
     <span class='ocr_line' id='line_1_63' title="bbox 94 5373 845 5452; baseline 0.013 -21"><span class='ocrx_word' id='word_1_613' title='bbox 94 5373 203 5432; x_wconf 87' lang='lat' dir='ltr'><strong>mentis</strong></span> <span class='ocrx_word' id='word_1_614' title='bbox 218 5377 404 5449; x_wconf 92' lang='lat' dir='ltr'><strong>reperiuntur</strong></span> <span class='ocrx_word' id='word_1_615' title='bbox 420 5378 491 5436; x_wconf 87' lang='lat' dir='ltr'><strong>Gall.</strong></span> <span class='ocrx_word' id='word_1_616' title='bbox 507 5381 607 5439; x_wconf 78' lang='lat' dir='ltr'><strong>Gliri&#39;at.</strong></span> <span class='ocrx_word' id='word_1_617' title='bbox 619 5386 641 5437; x_wconf 91' lang='lat' dir='ltr'><strong>t.</strong></span> <span class='ocrx_word' id='word_1_618' title='bbox 658 5383 694 5452; x_wconf 92' lang='lat' dir='ltr'><strong>ll,</strong></span> <span class='ocrx_word' id='word_1_619' title='bbox 711 5383 765 5439; x_wconf 93' lang='lat' dir='ltr'><strong>col.</strong></span> <span class='ocrx_word' id='word_1_620' title='bbox 782 5384 845 5441; x_wconf 82' lang='lat'><strong>596.</strong></span> 
     </span>
    </p>

    <p class='ocr_par' dir='ltr' id='par_1_20' title="bbox 128 5445 428 5520">
     <span class='ocr_line' id='line_1_64' title="bbox 128 5445 428 5520; baseline 0.017 -19"><span class='ocrx_word' id='word_1_621' title='bbox 128 5445 204 5519; x_wconf 85' lang='grc'><strong>(207)</strong></span> <span class='ocrx_word' id='word_1_622' title='bbox 219 5448 267 5504; x_wconf 85' lang='lat' dir='ltr'><strong>Sic</strong></span> <span class='ocrx_word' id='word_1_623' title='bbox 282 5448 313 5504; x_wconf 93' lang='lat' dir='ltr'><strong>iu</strong></span> <span class='ocrx_word' id='word_1_624' title='bbox 329 5465 428 5520; x_wconf 87' lang='lat' dir='ltr'><strong>apogr.</strong></span> 
     </span>
    </p>

    <p class='ocr_par' dir='ltr' id='par_1_21' title="bbox 135 5517 780 5595">
     <span class='ocr_line' id='line_1_65' title="bbox 135 5517 780 5595; baseline 0.009 -21"><span class='ocrx_word' id='word_1_625' title='bbox 135 5517 211 5593; x_wconf 84' lang='grc'><strong>(288)</strong></span> <span class='ocrx_word' id='word_1_626' title='bbox 224 5519 297 5578; x_wconf 91' lang='lat' dir='ltr'><strong>Vide</strong></span> <span class='ocrx_word' id='word_1_627' title='bbox 311 5521 466 5595; x_wconf 86' lang='lat' dir='ltr'><strong>epistolam</strong></span> <span class='ocrx_word' id='word_1_628' title='bbox 482 5523 549 5581; x_wconf 92' lang='lat' dir='ltr'><strong>libri</strong></span> <span class='ocrx_word' id='word_1_629' title='bbox 564 5524 645 5582; x_wconf 90' lang='lat' dir='ltr'><strong>tertii</strong></span> <span class='ocrx_word' id='word_1_630' title='bbox 656 5523 702 5594; x_wconf 75' lang='lat'><strong>54,</strong></span> <span class='ocrx_word' id='word_1_631' title='bbox 718 5529 780 5582; x_wconf 91' lang='lat' dir='ltr'><strong>not.</strong></span> 
     </span>
    </p>
   </div>
   <div class='ocr_carea' id='block_1_14' title="bbox 1344 4526 1428 4584">
    <p class='ocr_par' dir='ltr' id='par_1_22' title="bbox 1344 4526 1428 4584">
     <span class='ocr_line' id='line_1_66' title="bbox 1344 4526 1428 4584; baseline 0 -1"><span class='ocrx_word' id='word_1_632' title='bbox 1344 4526 1428 4584; x_wconf 90' lang='lat' dir='ltr'>XCVI</span> 
     </span>
    </p>
   </div>
   <div class='ocr_carea' id='block_1_15' title="bbox 975 4615 1799 4760">
    <p class='ocr_par' dir='ltr' id='par_1_23' title="bbox 975 4615 1799 4760">
     <span class='ocr_line' id='line_1_67' title="bbox 975 4615 1799 4691; baseline -0.002 -15"><span class='ocrx_word' id='word_1_633' title='bbox 975 4635 1110 4676; x_wconf 80' lang='lat' dir='ltr'><strong>ariscoro</strong></span> <span class='ocrx_word' id='word_1_634' title='bbox 1139 4633 1250 4673; x_wconf 80' lang='lat' dir='ltr'><strong>rursusi</strong></span> <span class='ocrx_word' id='word_1_635' title='bbox 1265 4615 1350 4688; x_wconf 83' lang='grc'><strong>(209),</strong></span> <span class='ocrx_word' id='word_1_636' title='bbox 1366 4633 1466 4672; x_wconf 80' lang='lat' dir='ltr'><strong>assiri</strong></span> <span class='ocrx_word' id='word_1_637' title='bbox 1482 4633 1518 4672; x_wconf 87' lang='lat' dir='ltr'><strong>na</strong></span> <span class='ocrx_word' id='word_1_638' title='bbox 1543 4633 1693 4674; x_wconf 75' lang='lat' dir='ltr'><strong>cananaea</strong></span> <span class='ocrx_word' id='word_1_639' title='bbox 1713 4619 1799 4691; x_wconf 89' lang='grc'><strong>(210),</strong></span> 
     </span>
     <span class='ocr_line' id='line_1_68' title="bbox 1161 4689 1610 4760; baseline 0.002 -17"><span class='ocrx_word' id='word_1_640' title='bbox 1161 4706 1195 4744; x_wconf 79' lang='lat' dir='ltr'><strong>er</strong></span> <span class='ocrx_word' id='word_1_641' title='bbox 1209 4704 1318 4744; x_wconf 82' lang='lat' dir='ltr'><strong>nsciuo</strong></span> <span class='ocrx_word' id='word_1_642' title='bbox 1335 4704 1527 4745; x_wconf 82' lang='lat' dir='ltr'><strong>iiacouriiausi</strong></span> <span class='ocrx_word' id='word_1_643' title='bbox 1542 4689 1610 4760; x_wconf 90' lang='grc'><strong>(11).</strong></span> 
     </span>
    </p>
   </div>
   <div class='ocr_carea' id='block_1_16' title="bbox 976 4776 1802 4978">
    <p class='ocr_par' dir='ltr' id='par_1_24' title="bbox 976 4776 1802 4978">
     <span class='ocr_line' id='line_1_69' title="bbox 976 4776 1799 4849; baseline -0.004 -12"><span class='ocrx_word' id='word_1_644' title='bbox 976 4782 1008 4837; x_wconf 84' lang='lat' dir='ltr'><strong>iii</strong></span> <span class='ocrx_word' id='word_1_645' title='bbox 1022 4779 1119 4835; x_wconf 85' lang='lat' dir='ltr'><strong>clerici</strong></span> <span class='ocrx_word' id='word_1_646' title='bbox 1132 4793 1148 4831; x_wconf 90' lang='lat' dir='ltr'><strong>u</strong></span> <span class='ocrx_word' id='word_1_647' title='bbox 1162 4778 1255 4848; x_wconf 84' lang='lat' dir='ltr'><strong>priore</strong></span> <span class='ocrx_word' id='word_1_648' title='bbox 1270 4783 1296 4831; x_wconf 86' lang='lat' dir='ltr'><strong>et</strong></span> <span class='ocrx_word' id='word_1_649' title='bbox 1308 4778 1450 4832; x_wconf 74' lang='lat' dir='ltr'><strong>monoteta</strong></span> <span class='ocrx_word' id='word_1_650' title='bbox 1464 4777 1497 4832; x_wconf 82' lang='lat' dir='ltr'><strong>ite</strong></span> <span class='ocrx_word' id='word_1_651' title='bbox 1511 4776 1671 4844; x_wconf 82' lang='lat' dir='ltr'><strong>ilitertom,</strong></span> <span class='ocrx_word' id='word_1_652' title='bbox 1686 4778 1716 4832; x_wconf 83' lang='lat' dir='ltr'><strong>ta</strong></span> <span class='ocrx_word' id='word_1_653' title='bbox 1728 4779 1799 4849; x_wconf 80' lang='lat' dir='ltr'><strong>ipse·</strong></span> 
     </span>
     <span class='ocr_line' id='line_1_70' title="bbox 1010 4848 1802 4921; baseline 0 -17"><span class='ocrx_word' id='word_1_654' title='bbox 1010 4867 1073 4905; x_wconf 87' lang='lat' dir='ltr'><strong>ram</strong></span> <span class='ocrx_word' id='word_1_655' title='bbox 1089 4848 1210 4905; x_wconf 79' lang='lat' dir='ltr'><strong>ecclesiia</strong></span> <span class='ocrx_word' id='word_1_656' title='bbox 1233 4851 1396 4918; x_wconf 70' lang='lat' dir='ltr'><strong>maereatoti</strong></span> <span class='ocrx_word' id='word_1_657' title='bbox 1415 4849 1449 4904; x_wconf 88' lang='lat' dir='ltr'><strong>ob</strong></span> <span class='ocrx_word' id='word_1_658' title='bbox 1464 4850 1668 4921; x_wconf 71' lang='lat' dir='ltr'><strong>contrariarum</strong></span> <span class='ocrx_word' id='word_1_659' title='bbox 1683 4849 1802 4905; x_wconf 80' lang='lat' dir='ltr'><strong>litora·-</strong></span> 
     </span>
     <span class='ocr_line' id='line_1_71' title="bbox 1010 4920 1291 4978; baseline -0.007 0"><span class='ocrx_word' id='word_1_660' title='bbox 1010 4924 1083 4978; x_wconf 77' lang='lat' dir='ltr'><strong>censi</strong></span> <span class='ocrx_word' id='word_1_661' title='bbox 1097 4920 1291 4976; x_wconf 82' lang='lat' dir='ltr'><strong>admittantur.</strong></span> 
     </span>
    </p>
   </div>
   <div class='ocr_carea' id='block_1_17' title="bbox 1009 5006 1802 5178">
    <p class='ocr_par' dir='ltr' id='par_1_25' title="bbox 1009 5006 1802 5178">
     <span class='ocr_line' id='line_1_72' title="bbox 1181 5006 1588 5081; baseline 0 -17"><span class='ocrx_word' id='word_1_662' title='bbox 1181 5007 1354 5080; x_wconf 80' lang='lat' dir='ltr'><strong>(Ferentini,</strong></span> <span class='ocrx_word' id='word_1_663' title='bbox 1368 5024 1398 5063; x_wconf 85' lang='lat' dir='ltr'><strong>iii</strong></span> <span class='ocrx_word' id='word_1_664' title='bbox 1413 5006 1476 5064; x_wconf 84' lang='lat' dir='ltr'><strong>Kal.</strong></span> <span class='ocrx_word' id='word_1_665' title='bbox 1491 5008 1588 5081; x_wconf 85' lang='lat' dir='ltr'><strong>iulii.)</strong></span> 
     </span>
     <span class='ocr_line' id='line_1_73' title="bbox 1009 5104 1802 5178; baseline -0.006 -12"><span class='ocrx_word' id='word_1_666' title='bbox 1009 5108 1115 5166; x_wconf 89' lang='lat' dir='ltr'><strong>Dileoti</strong></span> <span class='ocrx_word' id='word_1_667' title='bbox 1143 5105 1232 5163; x_wconf 83' lang='lat' dir='ltr'><strong>filii...</strong></span> <span class='ocrx_word' id='word_1_668' title='bbox 1260 5106 1340 5178; x_wconf 90' lang='lat' dir='ltr'><strong>prior</strong></span> <span class='ocrx_word' id='word_1_669' title='bbox 1363 5110 1393 5163; x_wconf 88' lang='lat' dir='ltr'><strong>et</strong></span> <span class='ocrx_word' id='word_1_670' title='bbox 1413 5105 1550 5163; x_wconf 89' lang='lat' dir='ltr'><strong>canonici</strong></span> <span class='ocrx_word' id='word_1_671' title='bbox 1577 5105 1613 5164; x_wconf 91' lang='lat' dir='ltr'><strong>de</strong></span> <span class='ocrx_word' id='word_1_672' title='bbox 1641 5104 1802 5164; x_wconf 85' lang='lat' dir='ltr'><strong>Hiliarham</strong></span> 
     </span>
    </p>
   </div>
   <div class='ocr_carea' id='block_1_18' title="bbox 972 5230 1802 5526">
    <p class='ocr_par' dir='ltr' id='par_1_26' title="bbox 972 5230 1802 5526">
     <span class='ocr_line' id='line_1_74' title="bbox 1009 5230 1802 5320; baseline -0.006 -28"><span class='ocrx_word' id='word_1_673' title='bbox 1009 5234 1083 5320; x_wconf 86' lang='grc'><strong>(209)</strong></span> <span class='ocrx_word' id='word_1_674' title='bbox 1107 5239 1148 5290; x_wconf 84' lang='lat' dir='ltr'><strong>De</strong></span> <span class='ocrx_word' id='word_1_675' title='bbox 1174 5232 1311 5304; x_wconf 80' lang='lat' dir='ltr'><strong>episeopo</strong></span> <span class='ocrx_word' id='word_1_676' title='bbox 1337 5230 1447 5288; x_wconf 79' lang='lat' dir='ltr'><strong>Eliansi</strong></span> <span class='ocrx_word' id='word_1_677' title='bbox 1476 5231 1589 5288; x_wconf 89' lang='lat' dir='ltr'><strong>dietum</strong></span> <span class='ocrx_word' id='word_1_678' title='bbox 1618 5230 1743 5299; x_wconf 89' lang='lat' dir='ltr'><strong>est,lib.</strong></span> <span class='ocrx_word' id='word_1_679' title='bbox 1774 5248 1802 5301; x_wconf 82' lang='lat' dir='ltr'><strong>a,</strong></span> 
     </span>
     <span class='ocr_line' id='line_1_75' title="bbox 973 5307 1800 5449; baseline -0.006 -14"><span class='ocrx_word' id='word_1_680' title='bbox 973 5307 1149 5449; x_wconf 43' lang='lat' dir='ltr'><strong>apffibjsibo</strong></span> <span class='ocrx_word' id='word_1_681' title='bbox 1169 5373 1324 5431; x_wconf 89' lang='lat' dir='ltr'><strong>abbatibus</strong></span> <span class='ocrx_word' id='word_1_682' title='bbox 1349 5372 1627 5442; x_wconf 81' lang='lat' dir='ltr'><strong>Terretanensibus,</strong></span> <span class='ocrx_word' id='word_1_683' title='bbox 1664 5372 1740 5430; x_wconf 87' lang='lat' dir='ltr'><strong>nibil</strong></span> <span class='ocrx_word' id='word_1_684' title='bbox 1769 5372 1800 5431; x_wconf 92' lang='lat' dir='ltr'><strong>iu</strong></span> 
     </span>
     <span class='ocr_line' id='line_1_76' title="bbox 972 5446 1280 5526; baseline -0.023 -17"><span class='ocrx_word' id='word_1_685' title='bbox 972 5453 1110 5526; x_wconf 90' lang='lat' dir='ltr'><strong>promptu</strong></span> <span class='ocrx_word' id='word_1_686' title='bbox 1124 5446 1280 5503; x_wconf 88' lang='lat' dir='ltr'><strong>habemus.</strong></span> 
     </span>
    </p>
   </div>
   <div class='ocr_carea' id='block_1_19' title="bbox 1009 5519 1283 5596">
    <p class='ocr_par' dir='ltr' id='par_1_27' title="bbox 1009 5519 1283 5596">
     <span class='ocr_line' id='line_1_77' title="bbox 1009 5519 1283 5596; baseline -0.022 -18"><span class='ocrx_word' id='word_1_687' title='bbox 1009 5520 1084 5596; x_wconf 91' lang='grc'><strong>(211)</strong></span> <span class='ocrx_word' id='word_1_688' title='bbox 1096 5519 1168 5577; x_wconf 85' lang='lat' dir='ltr'><strong>llide</strong></span> <span class='ocrx_word' id='word_1_689' title='bbox 1183 5533 1283 5589; x_wconf 87' lang='lat' dir='ltr'><strong>supra.</strong></span> 
     </span>
    </p>
   </div>
   <div class='ocr_carea' id='block_1_20' title="bbox 0 0 1894 6000">
    <p class='ocr_par' dir='ltr' id='par_1_28' title="bbox 0 0 1894 6000">
     <span class='ocr_line' id='line_1_78' title="bbox 0 0 1894 6000; baseline 0 0"><span class='ocrx_word' id='word_1_690' title='bbox 0 0 1894 6000; x_wconf 95' lang='lat' dir='ltr'><strong> </strong></span> 
     </span>
    </p>
   </div>
  </div>
 </body>
</html>
