3780 6000
58 266 130 324 1273

58 482 296 558 presbytororum
312 481 343 535 in
356 480 487 552 praetatis
501 479 634 535 ecclesiis
644 480 773 553 capitulo
788 497 889 537 conce·

57 574 176 640 dimue;
193 571 244 644 qui
262 570 449 627 medietatem
465 570 732 628 beneficiorumvel
743 575 888 644 quantum

60 662 203 718 intereos
225 657 440 716 rationabiliter
455 659 652 731 compositum
673 659 762 716 luerit
776 675 828 732 per
841 674 889 715 sa·

59 753 248 807 crementum
264 748 359 804 eidem
382 746 513 820 capitulo
534 748 702 821 persolvent
714 756 741 807 et
756 750 792 805 ab
808 746 889 804 omni

59 839 224 910 exactione,
241 838 375 904 collecta,
391 842 421 892 et
444 836 594 910 hospitiis,
610 838 734 894 circadis
758 837 847 894 etiam
863 840 893 892 st

57 928 194 1001 synodis,
205 932 234 983 st
244 928 280 983 ab
290 927 368 982 omni
382 926 603 982 submonitione
612 925 766 999 eiiustitis
776 931 835 982 tam
847 942 892 982 ar·

63 1018 307 1076 chidiaconorum
328 1031 418 1087 quam
433 1015 753 1088 archipresbyterorum
773 1016 892 1089 penitus

59 1110 121 1166 sint
135 1109 211 1165 imm
219 1122 302 1163 unse.
320 1105 407 1161 Porro
431 1104 455 1160 si
479 1103 591 1177 aliquid
608 1105 638 1161 iu
655 1105 787 1162 ordinem
804 1121 892 1163 suum

60 1197 215 1271 egerint,a
232 1196 318 1252 nobis
339 1195 375 1250 de
391 1193 562 1267 poenitentis
576 1195 784 1252 tantummodo
799 1211 892 1251 corri-

66 1291 183 1360 gantur.
191 1286 387 1342 concedimus
398 1284 487 1341 etism
504 1283 564 1340 iliis
575 1285 605 1340 in
616 1285 755 1342 omnibus
768 1283 895 1357 praetatis

66 1374 210 1441 ecclesiis,
222 1379 250 1431 et
265 1374 295 1430 in
310 1373 370 1430 iliis
385 1390 449 1446 quas
470 1374 654 1445 inposterum
671 1373 730 1431 iilis
745 1374 894 1430 conteren-

65 1472 124 1531 tur,
139 1479 325 1531 succursum,
338 1463 573 1536 quotiescunque
588 1461 894 1536 contigeritecolesias

63 1570 179 1611 vacare.
198 1557 340 1608 Praeterea
355 1552 544 1608 concedimus
556 1551 600 1608 eis
614 1549 830 1624 plenitudinem
845 1567 894 1624 po·

60 1644 181 1699 testatis
211 1641 382 1697 iaciendiet
406 1640 560 1697 exercendi
581 1639 714 1711 justitias
743 1639 772 1695 iu
802 1639 893 1697 maio·

66 1731 228 1787 lectoribus
245 1729 309 1785 suis
325 1727 419 1800 iaicis,
435 1728 492 1785 nisi
512 1728 647 1785 homines
663 1728 756 1785 nostri
771 1727 882 1784 luerint

67 1826 98 1877 et
112 1820 141 1875 in
159 1818 340 1891 presbyteris
356 1817 429 1887 suis,
446 1821 590 1890 quantum
609 1819 643 1875 ad
660 1818 741 1890 ipsos
757 1816 894 1890 pertinet.

69 1910 238 1967 Notandum
254 1924 322 1964 vero
338 1909 412 1979 quod
435 1907 508 1962 duas
529 1907 665 1979 praelatas
680 1905 832 1974 ecclesias,
848 1922 895 1962 ec·

68 1998 188 2055 ciceiam
216 1994 348 2052 videlicet
373 1994 408 2051 ds
433 1994 557 2061 Allento,
575 1993 729 2051 ecclesiam
745 1994 780 2050 de
798 1992 897 2051 Chau-

67 2085 179 2160 quolla,
196 2085 314 2142 nomine
336 2084 490 2156 cujusdam
512 2084 674 2155 praebendas
691 2099 779 2156 quam
796 2083 826 2139 in
842 2084 895 2140 lle·

68 2175 159 2233 ciesia
181 2173 345 2230 Senonensi
367 2172 587 2241 constituimus,
604 2171 734 2246 capitulo
749 2172 896 2229 concessi·

68 2282 136 2320 mus
151 2268 179 2319 et
189 2263 375 2329 donavimus,
387 2261 554 2317 inhibentes
566 2278 601 2318 ne
612 2261 726 2318 tructus
741 2262 897 2335 praedicta·

72 2349 899 2423 rumecciesiaraminaliosusuequamiiliusproebcndm

73 2442 284 2514 expendantur.
301 2438 460 2496 Ecclesiam
485 2456 552 2496 vero
568 2439 603 2495 de
622 2439 713 2495 Bosco
737 2439 816 2513 regis
839 2436 899 2496 iilis

74 2531 259 2588 donavimus.
274 2529 332 2601 ipsi
348 2545 414 2585 varo
427 2528 463 2584 ad
481 2528 650 2601 petitionem
667 2533 798 2585 nostram
814 2543 899 2583 asso·

74 2622 225 2677 cieverunt
239 2619 269 2675 in
283 2617 408 2675 minutis
424 2617 635 2690 partitionibus
646 2620 900 2689 quatuorcanom·

76 2727 126 2767 cos
142 2708 193 2780 qui
208 2707 316 2764 debent
334 2723 399 2763 esee
417 2706 590 2779 presbyteri,
602 2722 676 2778 quos
691 2704 900 2761 constituimus

74 2801 109 2855 ad
130 2797 222 2854 aliare
248 2797 328 2852 beati
361 2795 437 2853 Petri
463 2796 492 2850 in
519 2794 646 2851 Ecclesia
673 2792 845 2864 senonensi,
862 2793 903 2850 iia

77 2888 155 2962 quod
167 2889 226 2943 duo
238 2885 355 2942 iliorum
367 2884 553 2941 tantumdem
565 2882 765 2957 percipientis
778 2881 903 2940 minutis

76 2976 287 3052 partitionibus
303 2992 369 3048 quas
390 2974 501 3030 luerint
515 2973 545 3029 in
560 2973 650 3029 choro
665 2975 810 3047 quantum
825 2988 903 3029 anus

78 3067 113 3122 de
130 3065 291 3136 majoribus
306 3064 463 3120 canonicis.
485 3060 903 3136 Ecclesiamjvsrozdetiastei-

78 3154 162 3211 iariis
177 3153 236 3210 iiiie
260 3153 449 3222 donavimus,
466 3156 495 3210 et
513 3151 569 3224 ipsi
594 3152 679 3208 uobis
694 3153 903 3208 concesserunt

79 3245 158 3314 quod
170 3243 355 3318 postobitum
368 3247 502 3298 nostrum
514 3245 633 3297 centum
644 3239 907 3297 solidosParisieu·

80 3350 127 3389 ses
145 3334 172 3388 in
189 3331 236 3388 die
251 3330 444 3388 anniversarii
460 3330 552 3388 nostri
566 3329 691 3402 singuiis
706 3330 792 3386 annis
807 3327 907 3386 dietri-

83 3425 185 3489 buent,
201 3421 243 3477 ita
258 3422 335 3487 quod
358 3419 456 3476 clerici
480 3436 537 3477 uon
563 3417 697 3475 canonici
721 3418 907 3474 tantumdem

82 3511 244 3584 percipient
259 3511 317 3565 duo
333 3513 476 3581 quantum
497 3524 574 3564 anus
590 3508 626 3563 de
641 3507 804 3579 maioribus
819 3523 908 3564 cano·

83 3599 169 3656 niuis.
185 3601 290 3655 Actum
315 3597 440 3654 Senonis
460 3597 491 3653 in
515 3594 643 3668 capitulo
667 3595 792 3669 publice,
809 3598 908 3652 astau-

85 3690 166 3746 iibus
194 3688 327 3759 ejusdcm
361 3686 490 3742 ecclesis
517 3686 660 3758 personis,
695 3685 802 3742 Salona
824 3684 908 3740 dece·

84 3796 132 3846 no,
151 3780 270 3851 iiugone
295 3774 510 3844 archidiacono,
534 3774 685 3847 Stephano
700 3772 908 3840 Thesaurario,

82 3867 221 3924 Gauirido
251 3869 428 3938 praecentore
450 3868 479 3919 et
498 3862 667 3919 vastinensi
691 3863 910 3934 archidiacono,

83 3957 182 4013 llaicio
207 3955 358 4012 cellarario
379 3957 408 4010 et
428 3952 600 4009 Provincnei
625 3952 842 4022 archidiacono,
865 3951 909 4007 ei-

84 4062 170 4103 mone
198 4042 402 4102 lisiudunensi
427 4041 646 4109 archidiacono,
671 4041 792 4115 liugons
814 4045 909 4098 Stam-

83 4135 166 4207 psusi
191 4133 407 4200 archidiacono,
431 4130 587 4202 Jacquino,
612 4130 747 4202 lingerio,
772 4129 910 4199 Gallonio,

84 4224 218 4281 Guidoue
234 4222 411 4295 presbyteris
427 4225 456 4277 et
468 4219 629 4285 canonicis,
641 4219 784 4286 Guidone,
799 4218 910 4289 Odone,

86 4311 256 4385 lieynaudo,
271 4310 410 4367 Garnerio
434 4309 566 4365 diaconis
581 4312 610 4365 et
624 4307 785 4374 canocicis,
799 4308 911 4363 Ernau·

89 4402 135 4472 do,
151 4400 302 4467 Gauirido,
318 4399 480 4471 Reiueudo,
502 4398 653 4465 Anseimo,
669 4395 798 4466 Nicolao,
814 4395 912 4453 Galle·

89 4491 142 4558 rio,
177 4487 305 4555 Nicolao,
334 4488 467 4555 Girardo,
501 4488 648 4556 Manasse,
689 4479 950 4556 bartholomaeo,ll

88 4576 237 4633 Wilieimo
257 4576 448 4634 subdiaconis
463 4582 492 4633 et
510 4576 672 4635 canonicis.
686 4579 830 4634 Praeterea
844 4591 912 4633 cum

88 4665 339 4738 supranominatis
359 4663 490 4720 ecclesiis
514 4664 668 4723 ecclesiam
694 4666 730 4721 de
752 4664 848 4722 Veron
871 4664 914 4721 eis

88 4752 513 4815 similitsrconiirmamus.1o
534 4753 621 4823 ouius
644 4752 685 4809 rei
708 4752 912 4811 testimonium

88 4849 262 4918 presentem
279 4843 416 4916 paginam
429 4840 518 4898 scribi
534 4841 658 4897 lecimus
673 4845 702 4897 et
716 4841 805 4915 sigilli
820 4841 914 4898 nostrl

88 4938 261 4993 auctoritate
285 4931 428 4990 roborari.
445 4934 551 4987 Actum
574 4946 651 4986 anno
666 4929 752 4987 Verbi
769 4930 914 4988 incarnati

90 5027 169 5081 1187.
189 5027 258 5081 liuta
282 5039 334 5095 per
359 5037 465 5078 manus
489 5017 623 5092 magistri
646 5017 724 5075 Petri
747 5018 915 5076 cancellarii

90 5115 225 5172 nostri.»

123 5205 202 5262 Nuiii
218 5220 321 5276 ergo...
344 5207 450 5259 nostra
475 5198 719 5268 confirmationis,
734 5204 789 5255 sic.
801 5196 832 5254 Si
847 5195 914 5271 quis

88 5302 199 5363 autem,
215 5300 271 5351 etc.

124 5386 230 5441 Datum
256 5383 353 5439 Romae
379 5381 457 5455 apud
481 5380 623 5437 Sanctam
649 5377 778 5449 Petram,
795 5394 816 5434 n
838 5376 913 5433 Non.

87 5474 221 5532 ianuarii
237 5489 315 5531 anno
330 5470 454 5530 decimo.

564 265 825 322 PONTiFlCA'l'US
843 265 942 322 audo
959 268 996 331 X,
1014 266 1158 322 CHRISTI
1178 260 1256 318 1207.

55 395 132 450 siam
146 394 182 449 de
198 391 313 447 Maiieio
330 389 521 446 vicecomitis.
536 393 779 448 praecantiones
794 393 882 447 etiam
899 395 924 459 Α

1277 384 1427 442 Cidiiiiiii.

1144 492 1308 535 ruaoaeasr
1325 488 1559 531 ancaisrrsooeo.

960 590 994 645 lli
1006 560 1190 646 committitur
1204 601 1287 642 caasa
1299 584 1430 669 adversas
1444 583 1606 656 episcopam
1619 580 1748 650 Petraeo·

1284 670 1427 713 necarem

1072 764 1167 839 (Apud
1181 763 1210 820 S.
1228 763 1357 829 Petrum,
1372 777 1412 816 vir
1427 760 1469 817 id.
1485 758 1642 829 ianuarii.)

980 873 1022 929 ad
1039 872 1093 929 boc
1113 872 1143 928 in
1160 869 1286 927 Ecclesia
1303 868 1350 925 Dei
1367 873 1422 936 est,
1433 866 1497 940 ipso
1515 865 1701 938 disponente,
1716 868 1770 922 tus

945 963 1089 1036 promotio
1101 954 1543 1033 procuratautopportunussis
1554 954 1648 1011 nostri
1659 952 1770 1010 ordinis
1870 1012 1875 1019 ,

945 1053 1109 1124 coadjutor,
1124 1049 1153 1106 ln
1171 1050 1207 1105 iis
1223 1048 1349 1104 maxime
1364 1063 1428 1119 qua
1445 1045 1475 1101 in
1491 1061 1525 1101 ea
1539 1043 1689 1100 salubrem
1704 1059 1770 1100 eor·
1869 1088 1872 1092 .

866 1194 873 1206 ,
945 1141 1104 1199 rectionem
1124 1142 1304 1212 exposcunt;
1325 1135 1402 1192 circa
1418 1134 1497 1207 quod
1521 1137 1604 1190 tanto
1620 1136 1649 1188 te
1663 1134 1771 1191 domus

945 1230 1062 1288 Domini
1078 1229 1226 1286 credimus
1241 1226 1300 1284 selo
1316 1225 1429 1282 comedi
1443 1224 1520 1297 quod
1537 1221 1670 1280 divinum
1686 1237 1770 1278 amo-

946 1336 1007 1377 ram
1022 1318 1171 1374 mundano
1182 1332 1303 1388 prorsus
1315 1315 1493 1388 preferendo
1505 1310 1605 1380 favori,
1617 1326 1771 1384 nunquam

946 1412 1054 1468 debeas
1069 1409 1098 1465 in
1115 1408 1151 1464 iis
1165 1425 1229 1480 qua
1244 1410 1302 1463 tuae
1319 1404 1506 1477 providentia
1517 1402 1744 1460 committuntur
1754 1418 1773 1457 a

945 1501 993 1556 via
1020 1497 1206 1555 rectitudinis
1230 1495 1386 1553 declinare.
1403 1493 1477 1550 Olim
1506 1492 1652 1566 siquidem
1674 1490 1771 1562 gravis

946 1586 1115 1645 clamored
1142 1601 1228 1642 aures
1253 1587 1369 1641 nostras
1383 1583 1420 1639 ds
1443 1581 1581 1655 episcopo
1604 1577 1771 1653 Petregont-

949 1676 1028 1732 censi
1046 1674 1185 1746 pervenit,
1202 1673 1279 1745 quod
1296 1679 1399 1744 preter
1413 1670 1507 1727 muita
1526 1669 1627 1742 gravia
1641 1673 1672 1725 ct
1685 1683 1772 1723 enor-

884 1767 893 1799 '
909 1752 934 1819 B
949 1764 1009 1821 mia
1023 1779 1089 1835 quae
1103 1763 1139 1818 de
1160 1761 1226 1834 ipso
1250 1759 1367 1834 publice
1380 1760 1565 1828 dicebantur,
1581 1773 1676 1830 usque
1699 1756 1773 1812 adeo

947 1857 1009 1910 erat
1020 1850 1173 1925 negligens
1185 1855 1215 1907 st
1226 1847 1341 1905 inutilis
1352 1847 1429 1905 eirca
1440 1847 1570 1905 cilicium
1582 1843 1728 1919 pastorale
1741 1846 1776 1900 ut

948 1933 1776 2000 noneolomadinstariniecuudaesscuineesterraminu·
1862 1988 1865 1995 ,

948 2031 1040 2087 tiliter
1050 2032 1217 2101 occuparet,
1227 2044 1326 2086 verum
1338 2027 1426 2084 etiam
1437 2025 1575 2099 exipsius
1585 2023 1701 2081 deiectu
1711 2037 1777 2095 gra·

949 2119 978 2192 gi
994 2118 1050 2175 sibi
1066 2117 1226 2175 commisso
1246 2115 1399 2188 multiplex
1414 2113 1577 2187 periculum
1594 2111 1775 2182 immineret,

950 2208 1029 2282 quod
1045 2207 1108 2279 ipse
1123 2206 1258 2262 fortassis
1274 2202 1453 2278 intelligens.
1466 2219 1516 2276 per
1531 2200 1669 2258 nuntium
1685 2213 1774 2257 suum

950 2296 1071 2354 anobis
1096 2295 1192 2370 petiit,
1207 2294 1357 2351 licentiam
1380 2292 1565 2365 resignandi3
1581 2290 1632 2347 sed
1656 2291 1776 2346 taudem
1810 2324 1816 2331 ·

951 2402 1039 2444 carne
1063 2384 1201 2458 spiritum
1224 2382 1402 2451 retardante,
1417 2379 1532 2437 cedenti
1557 2378 1614 2436 eibi
1639 2377 1780 2435 facultate

951 2491 1103 2545 concessa,
1125 2475 1229 2530 cedere
1253 2489 1311 2530 nou
1336 2470 1457 2538 carent,
1473 2471 1545 2528 Cum
1561 2474 1660 2526 autem
1675 2482 1710 2525 eo
1725 2481 1778 2522 no·

880 2615 886 2628 ,
951 2564 1074 2622 vissima
1089 2579 1144 2620 sua
1159 2563 1258 2634 pejora
1280 2560 1428 2633 prioribus
1442 2559 1576 2630 iaciente,
1591 2558 1703 2615 clamor
1718 2571 1778 2615 non

953 2653 1102 2716 deiiceret,
1118 2652 1170 2708 sed
1194 2650 1311 2726 gravius
1330 2647 1522 2705 invalesceret
1544 2651 1646 2706 contra
1668 2647 1782 2721 ipsam,

954 2740 1113 2799 venerabili
1128 2740 1211 2796 tratri
1223 2743 1324 2795 nostro
1334 2737 1506 2794 bituricensi
1517 2735 1739 2808 archiepiscopo
1750 2740 1781 2793 et

955 2831 1060 2888 dilecto
1072 2828 1132 2886 illio
1141 2827 1232 2901 priori
1243 2825 1503 2884 Grandimoutensi
1513 2825 1652 2883 dedimus
1666 2825 1697 2881 in
1708 2840 1781 2898 pra·

956 2919 1048 2993 ceptis
1064 2923 1097 2974 ut
1115 2934 1184 2975 eum
1208 2918 1383 2974 inducerent
1396 2916 1431 2971 ad
1448 2916 1628 2983 cedendum
1645 2912 1779 2986 alioquin

957 3026 1008 3083 per
1023 3024 1178 3066 censuram
1193 3005 1424 3064 ecclesiasticam
1445 3003 1643 3078 appellatione
1670 3010 1782 3061 remota

916 3117 939 3182 c
958 3096 1167 3171 compellerent
1182 3100 1215 3153 ut
1227 3094 1305 3152 inira
1325 3099 1385 3151 trae
1405 3110 1521 3151 menses
1537 3097 1603 3166 post
1617 3093 1781 3162 susceptio·

959 3203 1027 3245 uem
1040 3184 1207 3243 litterarum
1219 3189 1387 3242 nostrarum
1398 3183 1559 3256 apostolico
1569 3199 1602 3240 ee
1610 3181 1782 3256 conspectui

959 3277 1158 3349 prasentaret.
1176 3272 1241 3341 Qui,
1250 3271 1326 3329 sicut
1337 3272 1422 3328 uobis
1433 3286 1485 3344 per
1499 3287 1569 3328 suas
1583 3271 1697 3328 litteras
1711 3268 1782 3326 iuti·

961 3368 1090 3432 marunt,
1101 3379 1168 3419 cum
1180 3377 1246 3418 eum
1259 3363 1294 3418 ad
1311 3361 1340 3416 id
1354 3360 1526 3432 diligentias
1541 3359 1737 3428 monuissent,
1748 3374 1783 3415 ao

961 3449 1468 3526 ipsepostolapsumspatiumtrium
1478 3447 1785 3506 mensiummonitioui

961 3560 1018 3599 non
1035 3541 1233 3614 acquievisset
1244 3557 1358 3610 eoram,
1369 3541 1490 3596 demum
1506 3539 1604 3612 ipsum
1615 3536 1785 3611 suspensio·

962 3632 1008 3688 nis
1021 3631 1167 3689 sententia
1182 3631 1379 3704 perculerunt.
1395 3633 1433 3684 at
1453 3628 1503 3685 ille
1519 3633 1585 3702 post
1600 3626 1785 3699 aliquantum

962 3721 1103 3794 temporis
1119 3719 1267 3777 intimavit
1282 3718 1392 3776 eisdam
1408 3718 1485 3791 quod
1503 3716 1559 3774 iter
1573 3716 1736 3789 arripuerat
1749 3713 1787 3771 ad

962 3812 1061 3868 sedem
1085 3808 1277 3883 apostolicam
1293 3808 1438 3878 veniendi,
1455 3807 1505 3864 aed
1530 3807 1571 3863 ita
1593 3821 1661 3862 eum
1684 3805 1715 3861 in
1739 3803 1787 3862 via

962 3904 1106 3973 quartana
1121 3896 1211 3955 iebris
1226 3896 1333 3955 invasit
1343 3897 1421 3969 quod
1436 3895 1500 3952 sine
1515 3893 1645 3968 periculo
1655 3891 1787 3967 corporis

963 3997 1090 4065 amptum
1105 3990 1162 4048 iter
1177 4008 1234 4047 non
1256 3994 1369 4064 poterat
1388 4004 1611 4054 consummare;
1627 3991 1655 4043 et
1669 3986 1713 4042 sio
1725 3983 1787 4041 iill-

962 4083 1109 4140 oentiatus
1120 4080 1157 4136 ab
1173 4080 1217 4136 eie
1227 4079 1264 4136 ad
1284 4078 1551 4151 petragoricensem
1565 4074 1724 4131 dioclesiani
1741 4076 1788 4131 est

964 4187 1110 4239 reversue;
1127 4169 1188 4237 ubi,
1204 4168 1282 4224 sicut
1306 4169 1459 4231 asseritur,
1471 4172 1538 4238 post
1563 4164 1652 4220 iatam
1667 4167 1786 4219 seuten-

963 4260 1033 4318 tiam
1049 4256 1251 4330 suspensionis
1267 4256 1297 4312 in
1312 4271 1379 4312 sum
1395 4253 1536 4310 beneficia
1547 4251 1641 4308 muita
1654 4251 1746 4318 dedit,
1757 4253 1787 4306 et

964 4348 1100 4405 debonis
1115 4345 1210 4419 ipsius
1232 4361 1289 4402 non
1314 4359 1406 4416 pauca
1421 4340 1566 4398 distraxit.
1578 4337 1720 4407 Quocirca
1729 4337 1788 4396 ira·

966 4435 1097 4493 tenuitati
1107 4439 1163 4491 iae
1179 4449 1228 4505 per
1237 4430 1396 4506 apostolica
1407 4430 1516 4502 scripta
1527 4429 1705 4486 mandamus
1716 4442 1789 4500 qua-

967 4530 1053 4582 tenus
1069 4521 1220 4580 universas
1241 4519 1451 4576 beneficiorum
1467 4533 1518 4575 seu
1542 4515 1789 4591 quorumcunque

968 4613 1112 4670 honorum
1133 4607 1264 4667 licoisas
1278 4607 1485 4665 concessiones
1509 4611 1560 4664 aut
1582 4605 1789 4663 distractiones

967 4703 1004 4759 ab
1019 4702 1120 4759 eadam
1138 4699 1276 4772 episcopo
1289 4697 1332 4754 sic
1347 4712 1493 4768 suspenso
1508 4693 1654 4753 inveneris
1667 4709 1733 4751 esse
1746 4691 1793 4750 is·

967 4789 1167 4856 otas,etudeas
1183 4786 1310 4858 legitime
1324 4801 1470 4853 revocare,
1487 4784 1552 4841 illos
1565 4783 1616 4856 qui
1630 4800 1662 4841 se
1680 4787 1790 4840 lemme

968 4879 1105 4937 duxerint
1121 4877 1311 4950 opponendos
1332 4879 1445 4933 remoto
1469 4872 1675 4946 appellationis
1689 4873 1791 4929 obsta-

968 4968 1033 5025 culo
1058 4984 1109 5040 per
1131 4964 1358 5023 ecclesiasticam
1383 4962 1545 5020 cohibendo
1570 4976 1738 5027 censuram,
1762 4961 1792 5014 et

969 5055 1111 5128 inquisita
1124 5054 1296 5127 diligentins
1309 5053 1441 5123 veritate,
1453 5051 1479 5109 si
1495 5049 1660 5108 constiterit
1683 5047 1791 5119 ipsum,

969 5144 1041 5218 quia
1063 5145 1174 5218 potius,
1190 5148 1223 5200 ut
1246 5143 1287 5200 ita
1309 5143 1483 5210 dixerimus,
1499 5138 1588 5195 talem
1602 5154 1620 5194 a
1634 5136 1719 5193 nobie
1742 5150 1792 5192 ee·

968 5234 1057 5292 deudi
1084 5233 1233 5290 licentiam
1260 5232 1437 5305 postulasse,
1453 5245 1489 5285 ne
1512 5244 1579 5283 cum
1605 5241 1693 5283 uxore
1716 5225 1790 5282 Lotis

967 5323 1102 5380 videatur
1112 5327 1189 5379 retro
1200 5322 1346 5394 respicere
1356 5321 1386 5375 in
1401 5319 1473 5375 salis
1484 5321 1613 5374 statuam
1625 5320 1790 5373 converten-

968 5414 1038 5481 dus,
1052 5412 1089 5469 ad
1105 5412 1281 5481 sedendum,
1292 5411 1317 5466 si
1331 5406 1528 5467 commonitas
1543 5406 1645 5463 cedere
1660 5405 1733 5461 torte
1743 5419 1792 5460 no·

968 5500 1142 5569 luerit,eom
1154 5498 1271 5557 sublato
1281 5495 1485 5570 appellationis
1495 5495 1707 5567 impedimento
1715 5506 1792 5549 ccm-

967 5588 1071 5663 pellas.
1082 5588 1165 5657 Quod
1175 5587 1201 5647 si
1211 5587 1247 5645 de
1257 5586 1312 5645 boc
1324 5585 1377 5644 tibi
1389 5593 1522 5644 censure
1537 5581 1711 5657 nequiverit,
1723 5594 1791 5639 cum
