3780 6000
121 243 176 300 147
594 244 806 299 INNOCENTII
825 245 862 296 lll
883 244 936 297 PP.
956 243 1204 298 auessstouttu
1223 244 1289 298 tta.
1310 246 1358 297 vt.
1778 242 1831 297 148

120 369 250 442 puritate
264 369 371 441 prioris
386 357 529 441 propositi
544 369 725 436 recedentes,
742 365 887 440 negligere
901 367 945 423 vi·
960 369 987 437 Α
1002 371 1114 425 statum
1138 371 1322 425 converteres
1344 367 1374 423 in
1399 365 1524 423 ruinam.
1551 365 1727 438 Accepimus
1749 367 1830 425 enim

120 457 397 531 deanturreliquias
411 462 494 515 terrm
510 458 795 531 acceleraturum
812 458 950 516 moerebis
1003 459 1165 531 quodcum
1178 459 1327 515 interram
1340 455 1830 531 NativitatisDominicvetanqoam

122 550 235 623 pariter
249 553 278 605 et
292 565 359 605 cum
374 548 425 605 illo
442 549 492 622 qui
508 549 551 606 eis
566 547 765 622 exprobratio
781 547 925 620 propheta
940 564 947 603 ι
1003 548 1177 622 peregrinus
1188 554 1216 605 st
1226 549 1340 605 advena
1355 547 1534 619 navigasses,
1549 549 1675 607 dilectas
1691 546 1830 605 filiosuo·

25 696 29 705 ,
121 640 220 711 Filios,
248 639 399 712 inquiens,
425 639 547 696 enutrivi
567 649 595 695 et
621 637 754 707 exultavi,
779 637 834 710 ipsi
859 640 951 694 eutem
1005 641 1077 706 ster,
1098 639 1125 696 S.
1147 636 1226 694 tituli
1255 638 1285 694 S.
1312 638 1450 694 Praxsdis
1479 639 1630 712 presbyter
1658 636 1828 707 cardinalis,

121 733 285 803 spreverunt
301 744 346 785 me
356 729 421 801 (iro.
435 730 453 797 ι)
465 748 473 798 ;
485 728 586 801 illique
595 728 751 785 succedere
763 731 791 783 te
801 728 950 797 ostendes,
1005 730 1173 800 apostolice
1190 731 1268 787 sedis
1282 729 1410 803 legatus,
1426 731 1503 803 apud
1520 729 1641 786 dilectos
1667 729 1753 798 filios,
1770 729 1828 802 Ty·

123 818 175 892 qui
190 817 338 875 civitatem
355 817 405 874 Dei
422 820 458 874 ab
470 817 573 874 amicis
585 817 671 874 etiam
685 816 791 873 asserit
807 815 884 872 inter
899 833 951 873 aa·
1005 836 1107 877 censes
1132 821 1298 889 canonicos,
1317 825 1460 891 quantum
1477 820 1665 893 permittebat
1681 819 1828 891 honestes,

124 907 241 981 gestias
256 906 441 965 destitutam.
457 907 500 963 Sit
513 906 603 977 igitur
617 905 669 961 tibi
685 906 747 962 hac
760 906 882 962 tristitie
894 923 953 962 ma·
1007 908 1184 983 interposuit
1199 915 1296 983 partes
1312 927 1394 977 suas,
1410 912 1443 965 ut
1457 913 1486 966 te
1501 908 1557 966 sibi
1579 908 1721 978 eligerent
1734 907 1764 964 in
1780 924 1831 980 pe·

125 998 200 1057 teria
215 996 327 1070 gaudii,
341 1000 369 1052 et
385 1012 491 1052 moeror
503 997 531 1052 in
544 995 678 1052 laetitiem
692 1000 889 1065 convertatur,
901 1012 954 1052 nee
1006 1007 1127 1056 starem.
1143 999 1404 1072 Cumqueluisses
1427 998 1537 1055 electus
1559 1015 1575 1053 a
1598 996 1758 1067 canonicis,
1773 1002 1833 1053 eta

126 1087 227 1144 doleas
242 1085 266 1142 si
283 1103 340 1142 non
356 1087 456 1143 omnia
472 1086 525 1142 tibi
541 1088 703 1143 succedunt
717 1087 754 1142 ad
771 1090 954 1156 votumeurn
1006 1087 1102 1162 legato
1120 1090 1185 1162 ipso
1198 1089 1388 1163 postmodum
1399 1089 1602 1156 confirmatus,
1614 1085 1664 1159 qui
1676 1085 1729 1143 tibi
1744 1086 1833 1142 stiam

126 1194 162 1235 ax
194 1176 435 1249 contingentibus
469 1176 508 1233 nil
543 1177 674 1234 omittas.
709 1177 845 1233 Gaudeas
882 1193 956 1250 quo·
1008 1174 1835 1251 spiritualiumattemperaliumadministrationemcom·

46 1266 52 1275 “
126 1284 194 1341 que,
210 1267 235 1323 si
261 1283 312 1339 pro
328 1285 361 1324 oo
378 1267 511 1339 fatigeris
526 1268 562 1322 ad
579 1270 698 1339 tempus
719 1266 770 1339 qui
792 1283 845 1339 pro
871 1265 957 1321 nobis
1008 1267 1101 1339 misit,
1114 1271 1247 1325 mutatus
1263 1284 1294 1325 es
1310 1268 1338 1323 in
1351 1269 1448 1323 virum
1475 1265 1612 1333 alterum,
1626 1265 1704 1321 siout
1727 1264 1836 1337 legitur

127 1355 299 1424 exinanivit,
316 1361 349 1412 ut
371 1356 530 1428 Apostolus
555 1356 671 1424 asserit,
697 1356 901 1427 semetipsum,
926 1355 956 1410 in
1009 1357 1045 1413 de
1059 1356 1157 1430 Saule,
1174 1359 1261 1430 cujus
1276 1356 1389 1413 utinam
1405 1355 1635 1414 inobedientiam
1653 1371 1711 1410 non
1726 1369 1834 1425 sequa·

33 1514 36 1533 Ι
85 1447 90 1459 “
128 1444 957 1501 similitudinembominumiactusetbebituinventus
1009 1445 1212 1515 ris,etcasum
1230 1446 1359 1503 similem
1373 1463 1430 1502 non
1447 1443 1600 1502 incurrasl
1621 1442 1729 1515 Legata
1744 1442 1835 1515 igitur

38 1534 43 1543 '
130 1533 307 1603 athomo,si
318 1551 371 1607 pro
384 1534 523 1591 omnibus
535 1534 788 1608 quatribuitipee
800 1535 957 1604 tibi,etiam
1010 1537 1148 1609 protinus
1176 1542 1205 1593 te
1231 1553 1392 1609 opponens,
1410 1536 1506 1605 nobis,
1522 1540 1551 1591 et
1578 1531 1745 1607 apostolicas
1773 1529 1835 1587 sedi

132 1622 254 1679 calicem
270 1639 358 1695 quem
375 1623 490 1680 biberet
503 1624 567 1696 ipsc
582 1624 678 1696 bibas,
696 1641 763 1681 cum
785 1624 847 1697 ipse
863 1641 915 1697 pro
931 1628 959 1680 te
1011 1627 1095 1698 cujus
1111 1627 1283 1683 auctoritate
1298 1625 1441 1695 iungitur,
1456 1625 1487 1680 in
1502 1641 1535 1681 ao
1551 1629 1580 1680 te
1595 1637 1742 1695 opponere
1766 1637 1838 1695 prae·

132 1711 253 1770 calicem
269 1712 431 1786 gustaverit
443 1713 600 1786 passionis.
616 1713 674 1770 Nos
690 1717 799 1784 eutem,
816 1730 872 1770 non
888 1717 954 1769 ten·
1011 1716 1178 1788 sumpsisti,
1192 1720 1221 1771 et
1234 1715 1368 1787 ingratos
1380 1714 1480 1787 gretie
1496 1712 1549 1769 tibi
1564 1713 1656 1780 laete,
1666 1711 1837 1768 inobedisn·
1861 1778 1864 1783 Δ

132 1805 199 1859 tam
214 1801 328 1875 indigni
341 1802 451 1873 vicarii,
462 1803 512 1860 sed
528 1802 648 1859 inutiles
659 1803 734 1859 servi
750 1803 825 1875 ejus,
836 1805 865 1859 st
879 1819 960 1859 com·
1014 1806 1060 1861 tie
1076 1805 1178 1862 vitrum
1203 1821 1261 1860 non
1284 1803 1391 1860 vitasti.
1408 1806 1516 1861 Contra
1538 1800 1695 1860 consilium
1720 1816 1839 1873 quoque

138 1890 268 1965 patimur
284 1891 744 1966 passionibustuis,etdoloribus
760 1891 960 1960 condolemus,
1016 1894 1174 1952 cardinalis
1198 1893 1304 1967 ipsius,
1320 1899 1348 1950 te
1364 1893 1460 1950 iecisti
1473 1892 1659 1966 postmodum
1675 1890 1706 1946 in
1722 1890 1839 1962 episcc-

138 1986 166 2039 et
174 1981 289 2040 labores
299 1982 411 2052 tuos,in
423 1982 531 2053 quibus
541 1998 712 2056 possumus,
729 1981 961 2038 intendimusre·
1015 2002 1085 2058 pum
1096 1984 1306 2052 consecrari,et
1316 1985 1346 2040 in
1358 1983 1405 2040 die
1416 1984 1542 2040 solemni
1553 1982 1722 2039 solemniter
1730 1982 1760 2037 in
1770 1998 1841 2054 pou·

137 2071 244 2144 levare,
262 2088 315 2129 nec
330 2070 533 2128 obliviscimur
546 2073 591 2128 tui
606 2076 657 2129 aut
670 2071 863 2143 reliquiarum
879 2075 960 2127 terre
1016 2073 1173 2130 titicalibus
1199 2072 1362 2130 celebrasti.
1394 2072 1486 2141 Unde,
1516 2075 1633 2146 propter
1652 2072 1707 2128 boc
1728 2075 1759 2126 et
1781 2069 1841 2127 alie

136 2159 305 2218 Natiuitatis
314 2159 484 2227 Dominicae,
496 2159 564 2216 licet
576 2164 694 2234 propter
709 2160 840 2217 locorum
851 2159 962 2216 disten·
1015 2165 1161 2236 quaedam,
1172 2162 1360 2236 legatosipse
1370 2163 1401 2218 iu
1412 2167 1440 2218 te
1449 2161 1654 2235 suspensionis
1662 2159 1839 2217 sarmatiam

135 2249 208 2307 tiam
223 2254 251 2307 et
266 2251 418 2307 raritatem
445 2251 617 2307 nuntiorum
634 2253 662 2306 te
678 2266 734 2307 non
750 2249 912 2320 valeamus,
929 2252 962 2304 ut
1014 2254 1220 2328 promulgavit,
1228 2254 1320 2309 donec
1328 2254 1393 2324 ejus
1404 2258 1433 2309 te
1447 2250 1619 2325 conspectui
1635 2254 1839 2324 praesentares.

136 2338 285 2410 volumus,
301 2355 353 2412 per
367 2339 488 2396 nuntios
503 2344 555 2396 aut
569 2338 683 2396 litteras
709 2339 817 2411 sepius
832 2338 959 2395 visitare.
1014 2345 1059 2416 Flt,
1076 2342 1144 2400 licet
1165 2344 1228 2416 ipse
1252 2342 1429 2400 sententiam
1445 2341 1527 2398 illam
1543 2341 1682 2398 relaxarit
1696 2355 1730 2396 ax
1744 2342 1838 2413 parte,

134 2428 192 2486 Neo
221 2429 340 2486 diffidas
355 2445 436 2485 exeo
451 2429 527 2501 quod
552 2428 696 2486 exercilus
721 2430 904 2502 signatorum
931 2428 959 2483 in
1014 2438 1046 2490 tu
1062 2438 1159 2489 temen
1184 2434 1214 2488 in
1239 2437 1291 2488 tue
1314 2431 1499 2488 contumacia
1513 2444 1713 2503 perseverans,
1728 2429 1760 2484 in
1775 2429 1840 2499 ejus

135 2517 279 2577 Graeciam
296 2518 404 2575 dicitur
419 2518 735 2591 divertisse,quoniam
749 2521 961 2590 nos,quentum
1015 2520 1156 2579 distulisti
1179 2521 1292 2578 diutius
1322 2520 1478 2593 praesentia
1506 2534 1684 2592 comparere.
1701 2516 1841 2584 Quamvis

135 2607 360 2681 possumus,ds
387 2611 473 2664 terrae
500 2611 608 2665 sancte
637 2624 741 2665 sumus
770 2607 962 2664 subventione
1014 2617 1112 2668 autem
1129 2615 1217 2667 tantae
1231 2609 1523 2666 indevotionisinitia
1537 2608 1585 2664 vix
1599 2607 1842 2664 bonacredeotur

134 2696 263 2766 solliciti,
277 2702 306 2754 et
321 2698 356 2753 ad
373 2698 436 2769 ejas
452 2697 618 2754 subsidium
632 2697 702 2754 totis
718 2696 834 2754 nisibus
849 2697 961 2769 aspira·
1016 2701 1178 2758 novissima
1193 2706 1340 2765 secutura,
1357 2697 1424 2771 plus
1440 2702 1537 2754 tamen
1556 2697 1761 2754 necessitatem
1775 2693 1842 2751 llis·

135 2803 213 2845 mufl·
230 2787 323 2844 N⁰⁸⁸⁰
344 2801 462 2860 quoquc
479 2794 504 2843 ²0
520 2786 667 2855 V⁰l⁰m1182
684 2788 774 2860 qu⁰dr
793 2786 861 2842 litei
876 2785 906 2841 P·
922 2784 961 2840 11·
1016 2790 1233 2861 roaolymitaoe
1248 2788 1404 2860 provincie
1433 2787 1631 2851 attendentes,
1647 2783 1781 2857 pellium,
1797 2783 1842 2840 in·

32 2904 35 2909 ·
133 2875 190 2932 tuli
204 2875 303 2932 Sancti
328 2874 457 2932 Marcelli
480 2876 633 2948 presbyter
657 2873 826 2946 cardinalia,
842 2879 962 2947 aposto·
1016 2877 1247 2950 signevidelioot
1261 2874 1455 2951 plenitudinis
1469 2873 1649 2947 pontificalis
1665 2872 1844 2945 officiiprss·

134 2963 198 3021 lica
213 2964 638 3037 scdislegatus,cumVenetis
654 2982 711 3021 non
727 2963 961 3036 potuerittrans·
1017 2969 1094 3024 dicto
1109 2971 1138 3023 at
1153 2966 1260 3023 dilecto
1285 2964 1346 3020 illio
1368 2969 1423 3021 Ρ...
1441 2963 1518 3020 tituli
1533 2964 1562 3020 S.
1577 2962 1707 3020 Marcelli
1722 2963 1846 3035 presbv-

136 3053 253 3123 irotara,
270 3058 337 3111 ante
360 3055 520 3110 adventurn
544 3059 643 3111 tamen
659 3071 675 3109 a
690 3053 846 3127 presentie
860 3055 961 3108 nostra
1016 3062 1077 3114 tero
1107 3054 1258 3120 cardinali,
1275 3054 1440 3128 apostolicae
1465 3052 1543 3110 sedis
1568 3052 1687 3126 legatis,
1704 3052 1850 3109 duximus

20 3190 23 3195 .
56 3148 61 3153 '
135 3143 268 3215 recessit,
283 3142 326 3200 ite
340 3144 429 3215 quod,
446 3160 512 3199 cum
529 3142 642 3199 litteras
658 3147 713 3198 tuse
730 3141 892 3199 devotionis
912 3157 958 3196 re·
975 3124 996 3191 C
1016 3143 1235 3215 destinandum,
1250 3150 1283 3200 ur
1297 3144 1333 3199 ds
1347 3144 1422 3215 ipso,
1438 3148 1525 3217 prout
1540 3142 1668 3199 viderint
1693 3141 1843 3213 expedire,

49 3276 53 3285 .
134 3232 276 3305 cepimus,
288 3248 392 3290 navem
406 3231 656 3290 transfretationis
670 3229 818 3297 intrarat]
832 3229 962 3296 Qualiter
1016 3235 1186 3308 disponent,
1203 3233 1246 3290 sic
1274 3231 1421 3299 videlicet,
1436 3236 1469 3287 ut
1496 3231 1580 3302 illud,
1606 3232 1691 3303 juxte
1716 3229 1845 3286 termam

134 3330 233 3380 autam
256 3339 346 3395 super
371 3323 447 3380 iacto
469 3322 608 3396 'tyrensis
630 3321 766 3379 Ecclesiae
790 3320 962 3377 duxerimus
1017 3323 1225 3398 quamoissub
1240 3322 1322 3379 bulla
1337 3325 1438 3379 nostra
1454 3320 1684 3378 transmittimus
1701 3318 1844 3376 interclu-

91 3416 95 3423 ’
135 3413 365 3486 ΡΡθθθᾱθῡᾱΰω,
377 3416 406 3470 61
421 3411 597 3480 litterarum,
610 3407 962 3485 (1111118111111111011111ἰεῑ-
1017 3430 1092 3482 cem,
1107 3417 1164 3470 tuae
1179 3411 1326 3469 devotioni
1343 3411 1504 3479 conferant,
1523 3410 1548 3466 si
1561 3408 1615 3466 tibi
1629 3409 1719 3465 iussit
1734 3406 1840 3465 merito

139 3518 217 3572 mus,
232 3501 286 3558 tibl
303 3502 410 3575 polerit
424 3502 607 3575 inspectione
621 3509 729 3575 patere.
1018 3503 1236 3560 conterendum.
1263 3500 1379 3557 Utinam
1402 3516 1470 3571 ergo
1485 3503 1514 3556 te
1529 3497 1616 3556 talem
1641 3497 1792 3564 exhibeas,
1809 3502 1843 3554 ut

171 3594 276 3648 Datum
290 3590 447 3659 Ferentini,
462 3607 491 3646 ιν
507 3592 575 3647 ldus
590 3592 728 3663 Augusti,
745 3606 822 3646 anno
835 3593 926 3645 sexto.
1019 3610 1077 3648 non
1093 3590 1262 3647 inhonorari
1278 3589 1395 3658 debeas,
1413 3588 1463 3646 sed
1480 3588 1620 3645 merearis
1636 3587 1734 3660 potius
1750 3586 1848 3643 hono·

491 3714 608 3771 cxxxl,
1020 3680 1078 3737 rari
1091 3680 1097 3734 l

378 3819 499 3860 masam
518 3820 622 3859 mem
643 3803 727 3874 (303),
1056 3771 1162 3826 Datum
1178 3766 1336 3835 Ferentini,
1352 3784 1372 3822 ιι
1387 3766 1429 3823 ld.
1445 3764 1582 3838 Augusti.

138 3893 335 4023 tremefacit
349 3895 398 3949 cie
412 3894 448 3949 oct
463 3892 831 3975 archiepiscopalemlsedem
855 3893 964 3964 electas,
1365 3855 1501 3911 CXXXH·

173 3968 253 4024 iaobe
273 3966 368 4025 tentes
389 3970 415 4022 et
436 3966 663 4037 presumptionis
687 3965 787 4020 vitrum
813 3980 866 4020 noo
891 3967 966 4021 eito-
1217 3962 1281 4000 11111
1301 3959 1485 4000 111111111111111
1504 3959 1537 3998 EF
1555 3957 1648 3999 111111·

173 4038 254 4096 oerit.
1161 4033 1337 4092 Commendat
1350 4033 1377 4090 ei
1391 4033 1534 4089 ecetesiam
1549 4030 1706 4103 Tartessia.

334 4107 507 4181 (Ρθῑθῦῑῑῡὶι
522 4126 543 4165 ¹¹
564 4108 606 4164 ld·
621 4109 769 4181 Auguffli·
1208 4122 1374 4193 (Ferentini,
1391 4140 1411 4178 ιι
1426 4121 1494 4178 ldus
1509 4119 1658 4192 Augusti.)

173 4218 247 4276 Cum
271 4223 300 4274 te
322 4234 380 4275 non
404 4217 501 4274 solum
518 4214 626 4290 legisse
641 4218 693 4272 scd
709 4216 846 4274 docuisse
862 4217 966 4272 creda·
1057 4215 1118 4271 Etsi
1132 4221 1160 4271 ts
1172 4216 1307 4270 devotum
1321 4212 1489 4267 noverimus
1506 4208 1666 4281 prinoipem
1677 4207 1845 4278 etlidalom,

139 4324 218 4379 mue,
234 4308 312 4380 quod
328 4307 426 4363 omnis
450 4306 499 4378 qui
522 4323 553 4362 se
578 4305 689 4362 exaltat
705 4305 922 4373 humiliabitur,
939 4309 968 4361 et
1020 4312 1049 4361 tc
1064 4311 1163 4360 tamen
1176 4305 1210 4359 ad
1221 4318 1310 4375 opera
1326 4299 1440 4373 pietatis
1459 4296 1613 4356 sollicitius
1629 4297 1800 4365 invitamus,
1816 4299 1849 4353 ut

140 4397 192 4472 qai
206 4415 238 4457 ss
253 4394 588 4464 bumiliatexaltabitor,
604 4396 748 4452 debueras
768 4393 966 4451 humilitatem
1023 4397 1104 4450 tanto
1129 4392 1285 4450 ferventior
1309 4390 1345 4447 ab
1370 4390 1461 4446 bonas
1485 4385 1670 4459 operationes
1696 4400 1847 4458 assurgas,

141 4489 173 4545 in
187 4488 363 4546 exaltatione
391 4485 508 4554 sectari,
526 4501 562 4541 no
576 4501 643 4541 cum
673 4484 828 4557 Propheta,
845 4484 869 4539 si
885 4484 969 4540 alitor
985 4503 1009 4566 1)
1025 4488 1134 4557 quanto
1150 4484 1185 4540 dc
1200 4482 1293 4539 saluta
1317 4485 1368 4538 tue
1392 4480 1534 4551 majorem
1550 4474 1778 4534 sollicitudinem
1794 4491 1848 4531 no·

143 4592 256 4650 ageres,
282 4575 450 4648 deplorares
469 4592 475 4629 :
503 4575 650 4630 Excitatus
678 4579 779 4641 autent,
807 4574 970 4629 lturm'liutus
1025 4574 1101 4630 veris
1117 4589 1170 4629 nos
1183 4572 1301 4628 bebere.
1319 4570 1391 4633 luda
1406 4572 1461 4641 est,
1477 4567 1555 4639 quod
1580 4564 1787 4622 celsitudinem
1804 4579 1848 4619 ra·

141 4683 205 4722 own
219 4669 244 4722 et
258 4667 390 4736 confusas
404 4664 491 4735 (Paul.
508 4664 642 4723 cxxxviii.
665 4663 744 4719 Inter
769 4668 825 4719 tuas
853 4676 970 4734 quoque
1024 4662 1101 4733 giam
1110 4657 1414 4717 monemusattantius
1425 4661 1454 4713 ct
1465 4655 1780 4726 hortamur,quatenus
1790 4652 1847 4722 Ty·

142 4752 503 4827 promotionisprimities‚
514 4756 542 4808 et
553 4751 810 4824 tonteprimordio
823 4749 969 4820 novitatis,
1025 4766 1139 4806 ransom
1157 4748 1321 4816 ecelesiam,
1338 4763 1413 4820 quae,
1430 4743 1558 4820 peccetis
1584 4742 1781 4815 exigentibus,
1796 4756 1847 4814 pro

141 4842 289 4901 tenebaris
314 4841 431 4899 cautius
456 4841 620 4913 providere,
638 4845 840 4913 ncpromotas
860 4853 971 4895 cornua
1024 4842 1108 4895 terrac
1136 4836 1405 4906 Hierosolymitanae
1420 4833 1540 4891 miseria
1551 4831 1707 4906 lacrymari
1721 4830 1847 4899 videtur,

140 4933 312 4990 elevationis
328 4946 501 4998 assumeres,
518 4933 546 4985 ct
567 4933 669 4986 contra
692 4945 759 4985 eum
784 4932 893 4984 temera
919 4944 970 4983 so·
1024 4934 1063 4997 ct,
1077 4927 1127 4983 illa
1143 4927 1268 4999 captiva,
1284 4925 1428 4982 consolari
1451 4939 1509 4979 non
1535 4926 1640 4993 potest,
1654 4919 1766 4976 babeas
1782 4934 1848 4993 pro·

139 5022 284 5095 perbires,
295 5022 357 5094 qui,
370 5025 437 5092 post
452 5020 544 5075 Deum
560 5023 618 5076 tuae
629 5017 823 5090 promotionis
835 5021 926 5085 actor,
942 5020 970 5073 et
1025 5017 1145 5090 pensius
1160 5015 1407 5083 commendatam,
1424 5019 1453 5069 et
1467 5014 1531 5083 ejus
1547 5010 1704 5068 sublevans
1719 5022 1848 5081 pauper-

138 5111 289 5169 slectionis
303 5111 398 5167 luerat
408 5108 596 5166 consumatur
609 5125 616 5165 τ
629 5124 676 5180 ne,
688 5107 711 5165 ai
724 5107 824 5164 statim
836 5106 872 5163 ad
883 5107 969 5178 equi·
1023 5112 1112 5164 tatem
1129 5122 1188 5179 qua
1199 5104 1312 5161 laboret
1326 5103 1361 5160 ad
1378 5118 1518 5172 presens,
1530 5101 1586 5157 sibi
1603 5096 1732 5156 decimos
1747 5100 1778 5154 et
1792 5096 1850 5154 alia

139 5200 238 5259 lenem
254 5215 379 5275 poneres
394 5199 493 5256 sedem
508 5203 600 5266 tuam,
618 5214 684 5256 cum
709 5195 812 5270 eogelo
837 5199 969 5268 apostata
1024 5196 1122 5254 debita
1133 5197 1202 5268 jura
1217 5198 1246 5252 et
1259 5199 1291 5251 tu
1304 5193 1367 5266 ipso
1380 5191 1579 5265 pernotasset
1591 5187 1717 5264 persolvi
1731 5185 1849 5245 iecisse

177 5382 250 5510 (3⁰3i
266 5380 440 5467 Dafl'prensi
455 5379 558 5450 electo,
574 5381 608 5436 ad
636 5396 723 5466 quem
748 5381 809 5435 hcc
829 5378 966 5465 dirigitur
1023 5377 1174 5461 tepores,
1197 5379 1245 5436 Or.
1271 5375 1373 5458 clirici.
1388 5375 1410 5429 t.
1427 5373 1477 5444 lll,
1502 5371 1558 5428 col.
1584 5371 1672 5439 13163
1698 5352 1750 5451 sed
1779 5364 1848 5440 quis

140 5459 235 5583 spreto
249 5472 275 5522 a,
292 5454 368 5511 arbit
383 5452 461 5525 apud
473 5456 618 5509 auctores.
633 5456 775 5521 loricam,
792 5450 829 5508 al.
845 5452 963 5518 lostam,
1021 5467 1079 5522 rpsr
1094 5455 1123 5506 et
1136 5449 1252 5522 quondo
1267 5450 1355 5504 luerat
1375 5445 1464 5501 datus
1488 5458 1651 5513 successor,
1667 5453 1782 5498 nescire
1805 5438 1847 5495 ia·

123 5534 182 5584 ἰ.
198 5528 330 5597 lercium,
347 5524 385 5595 al,
404 5524 562 5595 receptam,
587 5525 745 5598 Tyrensem
770 5522 963 5595 archiepisco·
1019 5525 1106 5578 tetur.

142 5600 271 5673 pumat
283 5613 360 5656 anuo
375 5596 445 5654 1179
459 5612 555 5669 usquc
569 5597 604 5655 ad
621 5613 732 5655 anuum
749 5596 818 5655 ttae
833 5592 965 5668 agnoscit
