3780 6000
39 198 44 205 ·
74 175 127 235 itt
578 177 833 243 Ponmmdavtts
852 188 949 248 ANNO
968 195 1027 265 VlI,
1048 196 1186 258 CHRISTI
1206 199 1285 257 tect.
1732 210 1813 267 lii·

74 319 139 392 quta
152 318 249 392 legem
265 335 323 378 non
338 326 396 378 tam
421 321 582 382 litteraliter
604 342 691 399 quam
715 330 902 402 spiritualiter
916 320 943 389 A
958 325 1110 396 recepisset
1125 329 1213 384 Vetus
1225 328 1441 388 Testamentum
1457 330 1656 404 sibiprimitus
1668 337 1786 395 nuntia·

74 408 293 481 intelligendam
308 427 370 469 esse
384 413 517 485 cognorit
535 431 585 486 per
606 417 737 476 doctores
762 424 908 496 evangeli·
962 418 1032 483 lum»
1048 423 1073 473 0¹
1089 418 1122 472 ιιι
1138 418 1201 488 0ll¹⁸
1215 434 1245 476 ιθ
1260 419 1480 491 inlellie'ssssiliffl
1497 421 1677 491 insslissfliiei»
1703 434 1786 498 utque
1877 490 1881 497 .

74 517 111 557 ω
127 501 267 569 vestratis,
293 502 367 559 siout,
395 519 471 560 unus
498 521 533 561 ex
563 505 616 572 eis,
642 510 778 567 videncet
804 513 908 571 Paulus
961 503 1786 587 humanitatisChristimysteriaprinsiatclleserit,quam

13 598 18 607 '
72 592 232 665 apostolus,
252 596 423 663 protestatur
439 610 446 649 :
463 594 571 651 Littera
596 597 704 669 occidit,
723 601 841 673 spiritus
855 621 908 661 on·
962 594 1086 662 Latini&
1103 599 1237 667 quoniam
1252 600 1286 653 id
1302 614 1368 654 0⁰1⁰
1392 600 1471 671 ptius
1494 608 1520 657 0¹
1547 601 1642 673 plures
1665 606 1788 675 tvosioli

75 684 127 735 tem
142 680 270 752 vivificat
284 683 321 754 (lt
336 681 398 740 Cor.
414 685 469 753 ιιι),
485 690 513 740 ct
527 687 603 742 sicut
627 688 702 746 idem
724 691 793 748 alibi
818 693 905 752 dicit:
959 696 1158 757 Ρθῐῖθΰθιῦὓῐ,
1176 697 1205 744 ῑῑῑ
1219 689 1337 757 Paulus·
1354 690 1507 758 Barnabas»
1523 700 1551 749 ΘΙ
1564 696 1699 764 ³0³ssss0³s
1727 711 1786 753 n⁰¹1

72 768 217 842 Scriptum
232 775 282 838 est,
299 771 433 842 quoniam
447 773 590 831 stratam
608 776 674 835 dnos
696 778 774 849 filios
797 781 906 852 docuit,
959 781 1054 833 tumen
1071 785 1287 835 monumentum
1303 780 1428 848 intrarit,
1446 795 1499 837 ncc
1524 783 1684 856 sudarium,
1709 786 1787 858 quod

69 876 160 915 unum
176 860 211 916 de
226 859 348 929 ancillo,
361 866 387 918 et
403 879 489 919 unum
503 863 538 920 de
554 864 664 937 tibero3
682 873 727 924 sed
743 873 792 942 poi
806 870 840 926 de
853 889 905 928 aa·
959 882 1087 924 seorsum
1103 873 1172 936 crat,
1188 869 1349 926 involutum
1376 871 1405 926 in
1431 886 1520 927 unum
1546 871 1641 929 locum
1665 877 1786 947 aspexit,

69 949 905 1028 sitta,orcadumcernamnatusesr;qntautemaattuern
958 956 1023 1026 quta
1037 959 1166 1015 doctores
1180 958 1345 1016 tirasonam
1366 960 1401 1015 nd
1428 959 1542 1031 plenam
1569 963 1786 1033 intelligentiam

66 1056 117 1113 per
131 1042 401 1113 repromissionem:
417 1058 481 1116 pum
494 1055 560 1101 sunt
572 1062 623 1118 per
641 1048 805 1120 ctteportam
829 1051 904 1109 attera
956 1045 1068 1103 Veteris
1082 1047 1270 1115 Testamenti,
1286 1056 1312 1104 et
1333 1049 1473 1121 protunda
1495 1051 1631 1120 mysteria
1658 1051 1785 1121 Deitatis,

69 1129 222 1203 (cat.1v).
241 1131 396 1204 itemque:
420 1133 479 1189 Non
499 1149 595 1191 omnes
619 1139 668 1210 qni
691 1141 848 1210 externat,
873 1141 904 1198 tvi
956 1150 1010 1192 nec
1035 1136 1182 1202 hactenus,
1207 1153 1260 1193 nec
1282 1153 1361 1195 nunc
1383 1139 1469 1194 etiarn
1494 1148 1697 1211 pervenerunt,
1728 1143 1786 1199 nisi

66 1225 132 1279 sunt
148 1223 301 1293 Israelitm,
314 1239 402 1296 nepae
417 1227 466 1295 qui
479 1230 545 1282 sunt
558 1243 651 1283 semen
664 1230 794 1298 Adrodae,
810 1247 903 1289 omncs
956 1232 1027 1291 i0tle
1040 1226 1183 1296 tripiici·
1198 1225 1251 1281 Per
1265 1224 1435 1282 linteamina
1450 1227 1539 1299 titini,
1555 1228 1657 1299 quibus
1681 1245 1785 1302 corpus

66 1310 136 1381 ptii,
152 1310 203 1367 sed
218 1312 249 1367 in
263 1314 339 1369 tunae
360 1315 508 1370 uocabitur
532 1315 584 1371 tini
608 1333 703 1374 semea
728 1318 816 1390 (Rom.
842 1322 900 1391 1xt;
954 1314 1018 1370 lesu
1036 1315 1306 1382 lueritInvoiutum
1328 1317 1489 1374 humanitas
1516 1317 1623 1374 Christi
1650 1321 1785 1390 mysterio

66 1401 137 1456 item
154 1417 162 1455 :
180 1402 240 1457 rvoa
255 1404 304 1473 qui
316 1401 376 1474 titii
389 1408 454 1460 snat
468 1405 664 1476 promissionis
678 1406 855 1466 aestimantur
869 1409 901 1465 in
954 1405 1151 1475 designantur,
1168 1422 1217 1477 par
1232 1406 1389 1474 sudarium,
1402 1407 1476 1478 quod
1492 1407 1585 1463 tuerat
1599 1424 1684 1480 snper
1698 1417 1783 1481 caput

66 1491 174 1545 semine
187 1490 291 1564 (tlte).
305 1491 430 1549 Currens
446 1493 530 1563 igitur
544 1493 632 1551 Maris
654 1496 829 1568 Magdalena,
852 1515 900 1556 ve·
952 1494 1054 1565 ipsius,
1072 1495 1241 1568 intelligitur
1257 1497 1424 1565 mysterium
1440 1497 1567 1552 Deitatis.
1583 1497 1668 1568 Nam,
1680 1514 1782 1555 sccun-

66 1580 110 1635 nit
124 1580 164 1638 ad
178 1580 329 1637 Simonem
344 1582 471 1648 Petrum,
487 1589 514 1640 et
538 1584 573 1639 ad
599 1584 688 1641 alium
712 1587 899 1662 discipulum,
952 1584 1021 1639 dum
1036 1583 1205 1654 Apostolum
1222 1602 1229 1642 z
1247 1584 1333 1655 Copnt
1346 1586 1401 1640 uiri
1415 1584 1551 1667 Christus,
1573 1594 1655 1658 capnt
1679 1587 1785 1645 certata·

66 1686 156 1741 quem
171 1669 392 1743 amabuttcsus,
407 1679 434 1728 et
454 1672 524 1730 dicit
547 1673 588 1729 cis
614 1691 620 1729 :
647 1675 778 1733 inierunt
801 1678 898 1736 Domi·
956 1672 1027 1727 Delii
1042 1672 1064 1744 (Ι
1079 1672 1140 1728 Cot·
1155 1675 1205 1742 ¹1)·
1226 1672 1320 1746 [Ussd0
1342 1673 1445 1743 'editui
1469 1675 1499 1729 1¹1
1521 1673 1603 1744 liiii>
1626 1676 1700 1745 (ιῦοΰ
1725 1676 1783 1733 ‘¹¹¹⁰

67 1774 135 1813 num
150 1774 254 1829 eneam,
270 1763 296 1815 et
315 1758 452 1817 nescimus
472 1761 523 1817 ent
543 1768 696 1835 posuerunt
718 1780 782 1822 eum
805 1767 895 1839 (teon.
955 1760 1120 1831 Cherubim,
1137 1763 1185 1833 qui
1200 1778 1248 1818 sea
1262 1762 1321 1818 alas
1342 1761 1445 1819 habere
1470 1762 1646 1829 scribuntur,
1672 1763 1782 1821 duabus

68 1852 127 1917 xx).
145 1848 227 1905 Sicut
243 1864 291 1919 per
307 1849 428 1905 Meuium
445 1850 643 1922 ilagdalcnum
662 1854 827 1912 ludaeorum
851 1858 896 1914 in·
954 1853 1008 1908 alis
1024 1853 1137 1920 taciem,
1153 1861 1180 1909 et
1195 1853 1306 1910 duabus
1322 1854 1407 1925 pedes
1421 1854 1566 1926 velabant,
1591 1855 1704 1912 duabus
1727 1857 1781 1914 alis

67 1938 210 2009 telligitur
223 1938 382 2010 Synagoga,
398 1939 439 1996 ita
455 1956 505 2011 per
519 1940 645 2013 Petrum,
662 1944 709 2014 qul
722 1945 756 2000 sd
782 1944 897 2003 Latinos
955 1943 1115 2010 volitantes,
1132 1943 1197 2014 quia
1212 1943 1349 2014 mysteria
1374 1943 1501 2016 Deitatis,
1523 1961 1585 2016 qum
1607 1961 1658 2017 per
1682 1948 1779 2019 caput,

68 2035 109 2083 est
123 2027 288 2098 specialiter
303 2028 470 2098 destinatus,
486 2031 601 2102 etapud
617 2048 666 2089 eos
680 2036 774 2089 Romo
799 2034 897 2106 sepul·
954 2032 1014 2088 sive
1032 2031 1134 2089 taciem
1158 2032 1356 2104 designantur,
1382 2040 1410 2090 et
1433 2050 1475 2102 ea,
1501 2050 1565 2105 quac
1589 2043 1655 2092 ante
1679 2035 1780 2092 mundi

67 2124 161 2173 turam
176 2118 287 2189 accepit
303 2118 424 2191 populus
439 2118 610 2191 intelligitur
624 2121 801 2180 latinorum.
817 2123 897 2181 Gre-
953 2121 1125 2178 creationem
1150 2121 1215 2177 tecit
1238 2122 1379 2178 Dominus
1405 2124 1488 2194 Deus,
1513 2130 1541 2179 et
1564 2139 1627 2195 ques
1651 2124 1776 2182 tacturus
1872 2138 1875 2145 ·

66 2222 168 2265 corum
185 2224 253 2265 vero
268 2209 391 2280 populus
412 2226 463 2280 per
485 2212 639 2279 ioannem,
659 2213 707 2285 qni
733 2214 838 2271 missus
862 2215 896 2271 ad
953 2217 995 2266 est
1008 2217 1070 2282 post
1082 2210 1233 2280 judicium,
1260 2217 1327 2266 sunt
1350 2210 1471 2282 occulta,
1496 2213 1545 2268 sed
1570 2213 1664 2269 madia
1685 2212 1776 2285 magis

68 2297 195 2365 Graecas,
212 2297 315 2370 Ephesi
331 2299 448 2355 tandem
472 2299 502 2354 ιιι
526 2299 648 2358 Domino
672 2304 818 2374 requiiscit.
844 2309 896 2360 Pa.
953 2305 1060 2370 patent,
1076 2303 1105 2355 et
1120 2299 1195 2355 circa
1209 2316 1241 2356 aa
1254 2315 1306 2356 nos
1321 2300 1406 2356 etiam
1423 2301 1586 2357 volitamus.
1605 2301 1692 2359 Venit
1711 2319 1777 2375 ergo

68 2396 129 2443 trus
144 2402 232 2443 unam
248 2388 406 2444 construxit
422 2389 588 2457 Ecclesiam,
606 2389 736 2448 videlicet
755 2393 896 2450 Ecclesia·
953 2388 1050 2445 Simon
1067 2388 1165 2444 Petrus
1180 2404 1302 2460 sequens
1317 2405 1394 2456 eum,
1419 2398 1447 2446 et
1469 2391 1597 2448 introivit
1620 2392 1650 2448 in
1673 2407 1778 2448 monu-

66 2491 131 2531 rum
148 2478 279 2533 omnium
295 2493 385 2533 unum
400 2485 495 2548 caput.
513 2479 602 2545 Unde,
621 2480 840 2539 Dominusdiait
851 2488 895 2539 et:
953 2481 1095 2548 mentum,
1111 2478 1177 2550 quia
1192 2477 1307 2534 tatinus
1321 2480 1443 2550 populus
1459 2496 1548 2551 usque
1568 2481 1604 2536 nd
1630 2481 1778 2548 interiora,

65 2568 103 2623 Tu
118 2567 160 2622 est
176 2569 283 2637 Petrus,
300 2574 327 2622 et
341 2582 423 2639 super
438 2566 509 2624 tone
520 2576 631 2641 petram
644 2569 785 2640 edificabo
806 2572 896 2628 Eccle-
953 2573 981 2625 el
998 2566 1185 2640 profundiore
1208 2566 1314 2624 Veteris
1335 2569 1507 2625 Testamenti
1534 2571 1670 2643 mysteria
1692 2587 1778 2642 pene·

65 2660 141 2712 stom
165 2672 256 2712 mecm
281 2656 387 2725 (narrt.
412 2659 484 2726 xvv).
511 2657 636 2715 loannes
657 2667 750 2717 autem
776 2661 805 2716 lu
830 2662 898 2717 Asia
952 2659 1044 2729 travit,
1060 2664 1087 2714 ct
1102 2657 1165 2713 idco
1181 2657 1250 2713 vidit
1265 2656 1433 2714 linteamina
1448 2659 1548 2730 posita,
1569 2667 1596 2715 ct
1619 2660 1777 2729 sudarium,

66 2747 167 2820 plures
192 2746 335 2803 Ecclesiae
359 2746 505 2814 stabilivit,
529 2757 663 2819 tanquam
689 2751 773 2807 unius
796 2752 898 2822 capitis
952 2748 1027 2819 quod
1042 2747 1780 2817 lueratsupcrcaputeJ'us,noncumlintaaminibus

67 2835 162 2890 multu
177 2835 315 2891 membra.
331 2835 412 2893 llnde
425 2836 456 2892 in
470 2836 640 2908 Apocalypsi
656 2837 721 2893 iacit
737 2838 773 2894 de
787 2843 897 2910 septem
952 2837 1086 2908 positum,
1099 2836 1147 2892 sed
1164 2836 1314 2906 separatim
1330 2835 1502 2904 involutum,
1518 2837 1547 2893 in
1569 2853 1657 2893 unum
1682 2836 1778 2895 locum

66 2924 212 2995 ecelesiis,
237 2933 264 2981 et
288 2940 384 2980 aarum
410 2925 531 2995 singulis
556 2926 745 2995 mentionem,
769 2933 801 2984 ut
822 2929 898 2984 sicut
951 2927 1025 2998 (434)
1041 2926 1176 2998 quoniam
1192 2926 1266 2981 inter
1281 2926 1467 2983 humanitatis
1491 2930 1519 2982 et
1546 2928 1660 2983 Deitatis
1681 2942 1777 2997 sacrus

66 3014 161 3070 multu
175 3012 896 3087 membragubernantursubunocapite,itamul·
952 3013 1206 3082 mentadiscresit,
1227 3022 1267 3078 ut,
1298 3015 1370 3071 sicut
1398 3015 1428 3071 in
1457 3015 1515 3071 ilco
1542 3032 1602 3072 oon
1629 3016 1777 3087 distinguit

64 3109 102 3159 tc
118 3103 307 3175 particulares
322 3102 449 3160 ecclesius
464 3103 516 3160 sub
540 3120 596 3160 una
621 3107 776 3164 universali
798 3124 896 3179 regan·
910 3084 936 3151 G
952 3118 1093 3172 naturam,
1106 3103 1155 3159 sed
1170 3103 1322 3174 distinguit
1336 3121 1483 3174 personas,
1497 3105 1536 3161 ita
1551 3105 1581 3160 iu
1598 3106 1708 3162 Christo
1719 3121 1777 3163 non

65 3203 122 3252 tur.
140 3193 225 3251 Venit
239 3210 306 3266 ergo
323 3195 457 3252 Mariand
482 3196 595 3253 Petrum
620 3197 735 3270 paritur,
760 3205 788 3253 et
809 3198 896 3256 loun·
950 3195 1086 3266 distingui
1108 3208 1270 3264 personam,
1292 3193 1342 3249 sed
1366 3193 1524 3265 distinguat
1546 3202 1672 3250 naturas.
1698 3195 1777 3252 Grae·

63 3302 147 3353 nem,
163 3285 230 3356 quia
243 3289 392 3357 synagoge
417 3302 467 3357 per
490 3285 647 3356 primitivos
670 3285 823 3357 apostolos,
847 3286 896 3359 qui
950 3301 1001 3343 cus
1015 3300 1090 3355 ergo,
1106 3282 1171 3340 licat
1186 3283 1282 3338 credat
1296 3287 1355 3340 tres
1367 3284 1398 3340 in
1414 3283 1564 3340 divinitate
1578 3300 1725 3355 personas,
1751 3290 1779 3341 ct

59 3392 96 3433 ex
109 3375 175 3448 ipsa
191 3375 381 3441 crediderant,
397 3381 454 3432 tam
471 3375 686 3447 dalimannum
704 3376 809 3432 Grecis
833 3392 896 3433 ver·
951 3389 1037 3431 unam
1052 3373 1082 3428 in
1097 3372 1201 3428 deitate
1216 3370 1418 3436 substantiam,
1433 3373 1509 3442 qnod
1533 3378 1627 3429 tamon
1653 3373 1778 3444 Spiritus

65 3465 138 3521 bum
153 3465 299 3534 Evangelii
314 3464 485 3536 predicavit.
503 3463 575 3520 Nam
600 3464 767 3522 in'omnem
793 3473 897 3521 terram
951 3468 1069 3520 sanctus
1094 3461 1227 3531 procedat
1251 3478 1267 3516 a
1294 3460 1372 3531 Filio,
1400 3461 1475 3517 sicut
1495 3462 1623 3531 procedit
1644 3479 1661 3518 a
1684 3468 1777 3526 Patre.

64 3554 154 3611 exivit
168 3568 259 3609 sonus
274 3569 383 3626 eorum,
404 3561 431 3609 et
446 3553 510 3610 ideo
526 3553 629 3609 dicitur
649 3554 809 3612 cucurrisse
838 3554 897 3610 Mn·
952 3569 1008 3609 non
1025 3551 1116 3608 credit
1132 3551 1229 3623 (435)]
1247 3550 1337 3618 Unde,
1354 3565 1412 3606 non
1426 3550 1461 3606 ad
1476 3551 1609 3621 injurium
1624 3552 1777 3622 propriam,

66 3644 120 3710 ria,
145 3642 213 3714 quin
237 3642 376 3699 velociter
396 3657 491 3699 sermo
518 3643 729 3713 predicationis
756 3643 896 3700 currebat.
952 3643 1001 3699 sed
1017 3642 1181 3698 Grecornm
1196 3639 1380 3711 opprobrium
1396 3643 1521 3696 Joanaes
1537 3642 1572 3696 dc
1586 3657 1617 3698 ae
1633 3642 1695 3714 ipso
1711 3640 1778 3697 suh·

67 3730 165 3801 Venit,
182 3732 309 3803 inquam,
325 3739 352 3788 et
371 3731 439 3788 dicit
461 3733 512 3788 eis.
541 3731 675 3789 inierunt
697 3734 843 3789 llominnm
866 3731 899 3788 de
951 3732 1043 3804 jungit
1069 3747 1076 3787 :
1098 3728 1224 3785 Nondum
1249 3730 1324 3785 enirn
1352 3729 1456 3784 sciebat
1484 3729 1656 3801 Scriptorum
1686 3730 1777 3792 ilcan.

67 3825 260 3890 monumento,
274 3824 301 3877 et
314 3823 455 3877 nescimus
480 3819 527 3877 aut
547 3830 701 3894 posuerunt
718 3838 782 3879 enm
806 3824 897 3893 (ioan.
952 3820 1010 3894 xx).
1026 3819 1099 3888 Quid
1115 3827 1157 3876 est
1172 3821 1278 3884 autem,
1295 3820 1370 3888 quod
1382 3818 1549 3876 iudeorum
1570 3820 1693 3892 populus
1718 3821 1778 3878 elc-

67 3913 131 3984 ιιι),
147 3927 182 3967 ac
196 3911 221 3967 sl
234 3910 341 3967 diceret
356 3911 535 3968 manifestius
552 3928 558 3966 :
574 3912 689 3979 Scribe,
714 3920 741 3969 et
765 3912 899 3969 Pharisaei
952 3918 1016 3968 otus
1029 3913 1074 3966 ost
1090 3909 1167 3979 prius
1181 3908 1215 3962 ad
1231 3906 1372 3963 culturam
1384 3908 1470 3964 unlus
1482 3908 1543 3975 Dei,
1556 3909 1611 3964 duo
1621 3925 1686 3966 vcro
1702 3909 1778 3966 circa

69 4001 231 4069 reritstem,
245 4016 310 4071 quse
325 3998 454 4057 Christus
469 4007 522 4072 cst,
535 4001 708 4071 occidentes,
725 4001 901 4073 sepelierunt
953 4002 1024 4057 Tunes
1038 3998 1206 4056 seculorum
1220 3997 1369 4067 assumpti,
1386 3998 1441 4054 nisi
1456 3999 1531 4068 qnod
1548 4014 1604 4054 uun
1619 3999 1699 4056 estin
1711 3998 1777 4055 Tri·

70 4091 102 4147 in
118 4089 215 4148 Veteri
228 4088 423 4161 Testamento,
439 4097 469 4145 ut
484 4090 514 4147 ιιι
529 4106 562 4146 eo
578 4090 657 4147 nulla
671 4092 706 4148 de
720 4090 770 4148 illo
793 4106 900 4169 sccun7
954 4092 1043 4148 nitate
1066 4102 1197 4159 persona,
1214 4102 1275 4158 quc
1302 4104 1318 4142 a
1334 4086 1414 4143 nullo
1430 4087 1563 4157 mittitur,
1580 4088 1715 4159 quoniam
1736 4091 1779 4145 esi

70 4180 140 4235 durn
157 4179 237 4249 ipsos
253 4178 360 4234 mentio
376 4178 525 4250 habeatnr,
541 4187 568 4236 ct
584 4180 632 4251 ito,
648 4182 900 4253 secundnmexpo·
953 4179 1074 4248 anullo,
1091 4178 1245 4242 donavero,
1262 4191 1323 4245 quae
1335 4176 1372 4231 ob
1383 4191 1439 4232 uno
1454 4185 1530 4248 sunt,
1545 4185 1572 4233 ct
1587 4177 1622 4232 ab
1639 4193 1695 4233 uno
1712 4178 1778 4233 mit-

70 4268 210 4325 sitionem
235 4268 371 4338 ipsorum,
394 4268 443 4324 uhi
467 4269 595 4326 Christus
617 4269 647 4326 in
677 4269 770 4326 Veteri
802 4271 900 4326 Tosta-
954 4277 1063 4326 tantur.
1079 4266 1159 4334 Quod
1173 4265 1197 4321 si
1213 4262 1493 4335 populnsludaicus,
1510 4266 1558 4335 qui
1573 4273 1614 4321 est
1628 4264 1779 4322 electusin

72 4365 173 4415 mento
188 4359 225 4413 sit
240 4361 357 4428 positus,
373 4359 528 4430 ignoratur.
554 4359 627 4415 Exiit
648 4376 713 4431 ergo
739 4363 848 4428 Petrus,
873 4366 900 4415 et
955 4358 1093 4427 Patribus,
1111 4362 1207 4425 typum
1221 4355 1293 4424 gerit
1312 4352 1399 4421 illius,
1422 4371 1438 4409 a
1462 4369 1517 4425 quo
1538 4353 1631 4409 omnis
1656 4358 1780 4424 potestas

70 4446 121 4504 ille
135 4445 210 4502 alius
225 4445 392 4517 discipulus,
408 4455 435 4503 ct
451 4455 589 4504 venerunt
611 4449 646 4504 ad
672 4457 899 4505 monumentum.
916 4457 943 4522 D
959 4448 989 4505 in
1004 4446 1087 4514 coelo,
1103 4444 1169 4500 etin
1186 4450 1260 4500 terra
1285 4442 1461 4509 nominatur,
1487 4443 1571 4512 cujus
1590 4451 1688 4512 typam
1709 4442 1781 4513 gerit

70 4535 234 4593 Currebsnt
248 4536 305 4592 dun
320 4535 419 4603 simul,
436 4535 524 4592 etille
549 4536 623 4593 alius
643 4537 803 4610 discipulus
828 4553 900 4609 praa·
956 4537 1081 4606 Latinus,
1097 4533 1144 4590 cui
1158 4534 1240 4589 datus
1254 4538 1296 4588 est
1318 4530 1423 4587 Christi
1448 4531 1580 4600 riccarius,
1607 4532 1664 4587 nisi
1689 4531 1781 4603 ipsius

71 4626 206 4684 cucurrit
220 4625 306 4681 citius
323 4627 402 4682 Petro
417 4633 442 4682 et
458 4626 532 4681 venit
550 4626 659 4697 primus
672 4627 707 4682 ad
731 4643 901 4683 monumen·
956 4626 1032 4693 Titii,
1049 4624 1098 4696 qui
1119 4623 1242 4678 traditur
1264 4620 1422 4677 occurrisse
1444 4619 1524 4677 beato
1550 4624 1642 4687 Petro,
1669 4625 1698 4676 ct
1722 4627 1779 4676 tum

72 4725 147 4784 tum,
166 4722 274 4772 etcum
289 4731 319 4771 se
335 4713 500 4771 inclinasset
513 4715 582 4770 vidit
606 4717 698 4786 posita
721 4715 901 4784 linteamina,
956 4716 1023 4787 ipsi,
1038 4728 1121 4785 quam
1137 4727 1187 4783 pro
1198 4711 1259 4781 ipso
1274 4709 1402 4766 dixisse:
1425 4709 1516 4766 Venio
1537 4711 1655 4766 Romam
1678 4710 1780 4766 iterum

72 4820 134 4861 non
148 4811 246 4860 tameo
263 4803 400 4860 introivit.
415 4804 456 4859 Ad
474 4805 705 4876 predicationem
722 4807 799 4862 enim
825 4805 903 4862 illius
957 4801 1109 4875 cruciligi?
1123 4800 1194 4869 Quia
1210 4799 1557 4871 veroGraecorumpopulo
1568 4800 1651 4855 dutus
1663 4799 1779 4856 estben-

73 4892 211 4950 licclcsire
226 4910 289 4964 quc
313 4895 348 4949 de
371 4893 590 4951 circumcisione
612 4895 779 4963 crediderat,
804 4895 902 4951 audie·
958 4902 1002 4952 tus
1015 4893 1186 4959 toneneas
1207 4905 1261 4961 quo
1285 4895 1312 4945 ot
1335 4888 1442 4959 incepit
1468 4889 1657 4959 perlectorum
1682 4888 1781 4959 religio

72 4991 143 5039 runt
168 4986 279 5056 gentes,
308 4999 370 5055 quse
398 4983 605 5055 predestinata
634 4992 715 5040 erant
741 4986 774 5040 ad
802 4984 902 5056 vitam,
958 4978 1557 5050 monachorum,benetypumgeritillius
1576 4979 1708 5048 Spiritus,
1733 4976 1781 5048 qui

72 5071 313 5130 Graecivideticet
331 5081 358 5128 et
382 5072 486 5140 Latini,
512 5080 539 5129 et
562 5081 751 5130 cucurrerunt
774 5073 902 5131 certatim
958 5073 1056 5147 quaerit
1084 5078 1111 5127 et
1136 5069 1228 5133 diligit
1254 5066 1405 5137 spiritales.
1435 5066 1586 5153 (letarum,
1611 5066 1636 5122 si
1665 5073 1709 5123 cst
1731 5067 1782 5132 ita,

71 5164 108 5220 ad
123 5160 346 5233 intelligentiam
367 5163 478 5219 Veteris
500 5163 684 5229 Testamenti,
707 5171 737 5220 ut
761 5179 811 5236 per
832 5161 904 5221 illud
958 5163 1094 5234 quidest,
1118 5158 1192 5230 quod
1222 5157 1314 5214 Graeci
1343 5156 1471 5212 noudum
1500 5162 1672 5225 acceperunt
1701 5172 1784 5228 possa

74 5256 268 5325 agnoscerent
283 5259 423 5309 tantarum
441 5268 534 5311 rerum
550 5270 636 5325 quam
652 5253 726 5310 Deus
740 5254 905 5311 ostenderat
958 5252 1085 5316 credere,
1100 5247 1253 5320 procedere
1268 5245 1405 5317 Spiritum
1419 5253 1548 5301 sanctum
1565 5260 1581 5299 a
1602 5243 1686 5311 Filio,
1712 5244 1785 5300 sicut

73 5344 235 5401 veritatem.
252 5344 319 5415 Sed,
340 5343 469 5416 quamvis
492 5344 656 5402 (trecorum
679 5344 803 5417 populus
826 5343 905 5416 prins
958 5341 1085 5410 aPatre,
1113 5336 1171 5396 nisi
1199 5335 1274 5409 quod
1302 5333 1449 5390 humiliter
1474 5332 1588 5406 quidem
1615 5340 1787 5407 acceperunt

109 5550 184 5626 (⁴³4)
201 5551 312 5609 sturm
326 5548 499 5625 Rainfidis·
998 5547 1074 5623 (tes)
1088 5546 1234 5607 Hactenus
1250 5541 1426 5616 ltaynaldns.

191 5666 313 5727 Parnon.
333 5667 425 5724 thltV
