3780 6000
88 187 120 242 es
585 187 847 245 roarrsrcarue
864 158 966 242 anno
982 190 1033 257 vr,
1051 192 1195 254 onerem
1215 197 1295 255 raon.
1708 241 1713 248 .
1737 212 1740 217 ·
1758 202 1795 259 aa

403 290 506 367 issu
527 309 596 384 (aa).

326 522 487 570 mausona
509 523 667 564 acerrume.

183 614 374 687 Confirmatio
388 613 542 671 macardiae
557 613 634 671 irater
647 615 721 687 ipsos
736 615 825 671 irrite.

280 720 436 790 (Laterani,
448 737 487 777 v11
502 720 567 778 Kal.
582 720 714 794 Aprilis.)

114 833 191 888 Cum
201 829 510 901 intervoaauperjura
521 829 682 902 parochiali
692 828 721 884 in
734 826 915 902 parochioda

82 922 182 978 Monte
197 935 290 992 super
303 917 437 991 cappella
451 919 548 974 Senta
564 918 718 975 Genoveia
728 915 826 973 sitain
842 915 915 973 civi·

82 1013 143 1066 tate
159 1005 333 1074 Parieiensi,
351 1012 382 1062 et
407 1022 498 1078 super
509 1006 769 1079 procurationibus
784 1020 858 1076 quas
870 1009 916 1074 tu,

83 1098 173 1154 irater
187 1096 340 1170 episcopa,
351 1094 381 1150 in
394 1093 614 1167 parochialibus
624 1095 757 1152 ecclesiia
771 1097 828 1150 tues
844 1093 915 1151 dioe·

84 1203 196 1257 caecos,
213 1186 251 1242 ad
267 1183 438 1257 predictam
458 1184 614 1241 ecclesiam
638 1187 750 1241 Sancte
766 1183 916 1239 Genovein

83 1276 117 1332 da
132 1275 236 1330 Monte
252 1272 657 1346 spectantihue,requirebas,
672 1269 908 1344 fuissetquestio

83 1365 198 1421 diutius
215 1363 339 1436 agitate,
357 1365 386 1418 at
400 1364 467 1435 post
481 1361 597 1418 iabores
611 1359 708 1417 varios
722 1362 752 1415 et
773 1375 917 1430 expansas

83 1447 918 1526 multiplicea,quaspropterhocsuatinnistis,utrinqua

86 1542 293 1601 mediantibus
318 1540 403 1597 bonis
425 1540 506 1610 viris,
523 1539 605 1597 salva
628 1543 726 1596 tamen
752 1536 918 1608 apostolice

85 1633 165 1690 aedis
181 1629 359 1699 reverentia,
373 1628 521 1686 amicabili
539 1627 628 1686 fucrit
641 1624 855 1700 compositione
870 1643 917 1683 so·
934 1651 957 1716 B

86 1717 919 1796 pita,tandcmvobiahumilitcrpostulantibus,uteidcm

86 1808 308 1884 compositioni,
323 1807 444 1864 vobisat
458 1807 591 1865 ecclesiis
615 1809 720 1865 vestris
736 1810 917 1878 necessaris,

86 1915 212 1956 manum
227 1902 335 1954 nostre
350 1895 586 1954 confirmationis
610 1913 757 1970 apponere
781 1900 917 1972 dignare·

87 2006 164 2055 mur,
181 1986 299 2045 dilectis
315 1984 420 2043 liliis...
438 1985 538 2042 abbati
552 1986 651 2042 Sancti
668 1986 815 2044 columbe
830 1988 920 2044 Seno·

86 2077 203 2146 nensis,
218 2079 249 2133 ct
263 2076 278 2132 J
284 2122 291 2132 .
303 2074 445 2147 magistro
461 2072 630 2131 scholarum
648 2075 918 2145 aurelianensium,

85 2167 200 2224 nostris
215 2164 353 2222 dedimus
369 2162 474 2219 litteris
490 2162 519 2218 in
536 2163 694 2234 mandatis,
704 2169 747 2233 ut,
758 2167 783 2220 sl
798 2181 918 2239 compo·

85 2256 226 2312 sitionem
242 2253 339 2326 ipsam
355 2250 419 2307 sine
440 2251 581 2325 pravitate
605 2251 724 2324 provide
748 2254 852 2311 iactam
869 2270 920 2311 co-

84 2346 279 2418 gnoscerent,
294 2345 323 2398 et
337 2341 408 2398 hinc
424 2341 491 2396 inde
516 2345 621 2413 sponte
635 2346 793 2414 receptam.
809 2360 863 2399 nec
886 2342 917 2399 in

85 2432 299 2506 prejudicium
315 2429 484 2503 apostolice
508 2430 597 2497 sedis,
614 2431 649 2486 ad
676 2447 765 2502 quam
795 2431 919 2489 ecclesia

85 2523 196 2578 Sancta
223 2519 377 2576 Ganovcie
392 2516 475 2574 nullo
490 2516 640 2574 mediante
654 2519 800 2590 pertinere
815 2519 918 2593 digno·

88 2613 197 2677 scitur,
217 2609 408 2675 redundaret,
433 2606 495 2663 vica
523 2612 624 2663 nostra
650 2623 715 2664 aum
744 2610 918 2667 auctoritate

89 2698 255 2771 apostolica
269 2697 489 2766 confirmarant,
506 2695 536 2751 id
553 2695 638 2752 nobie
666 2698 854 2768 postmodum
868 2714 920 2771 par

90 2804 161 2845 suaa
176 2787 293 2843 litteras
308 2784 494 2852 intimantes,
511 2788 588 2842 utet
607 2801 662 2841 nos
672 2786 916 2844 confirmaremus

89 2878 223 2947 eaedem,
239 2891 306 2932 cum
321 2890 455 2932 essemus
469 2874 588 2948 plenius
612 2890 777 2947 parcorum
802 2874 918 2932 relatio·

90 2980 158 3023 narn
173 2964 323 3022 instructi.
340 2963 407 3035 Qui,
422 2963 501 3021 sicut
515 2962 688 3019 obedientie
707 2963 771 3032 lilii,
787 2963 919 3036 legitima

90 3055 119 3111 in
136 3053 300 3112 commisso
311 3051 367 3109 sibi
383 3052 502 3125 negotio
518 3052 823 3126 procedantaa,iorma
836 3068 918 3110 com·

87 3143 250 3217 positionis
269 3143 400 3213 eiusdem
415 3144 444 3197 at
467 3138 630 3214 privilegiis
652 3139 782 3197 ecclesie
805 3142 919 3200 Sanctia

87 3229 917 3304 Genavalrediligenterinspectis,compositionemipssm

88 3322 274 3379 insanientes
285 3320 450 3377 secuudum
465 3319 543 3391 quod
555 3318 751 3391 premisimus
766 3321 875 3377 iactam
890 3325 917 3377 at

88 3411 246 3468 hincinde
262 3414 422 3481 receptam.
437 3424 502 3464 eam
526 3406 701 3465 auctoritate
725 3413 826 3466 nostra
849 3426 919 3466 con·

92 3498 210 3556 ilrmare
227 3501 381 3568 curarunt,
396 3495 473 3554 sicut
493 3496 522 3552 in
546 3511 649 3553 eorum
672 3495 778 3553 litteris
800 3497 918 3570 plenius

91 3588 298 3662 perspeximus
313 3585 561 3648 contineriUnde.
573 3582 637 3658 pari
647 3584 791 3643 desiderio
801 3590 831 3642 et
843 3603 918 3644 una·

93 3678 170 3734 nimi
184 3676 338 3734 voluntate
353 3675 438 3733 nobis
450 3673 604 3731 humiliter
617 3673 819 3747 supplicastis,
831 3679 865 3732 ut
877 3675 919 3732 ai·

92 3768 162 3823 dem
171 3765 378 3840 compositioni
388 3763 919 3836 manumconilrmationisnostrae,da

90 3855 277 3929 benignitate
287 3854 368 3912 sadis
378 3851 707 3926 apostolice,appcnera
717 3852 918 3926 dignaremur.

91 3945 153 4002 Nos
168 3946 269 4018 igitur,
285 3944 363 4016 quod
379 3959 431 4016 par
445 3940 594 4014 delegatos
609 3943 728 3999 eoadem
753 3943 917 4000 meandum

88 4035 217 4091 sormam
230 4031 360 4089 mandati
373 4030 465 4088 nostri
477 4031 586 4087 lactum
595 4034 641 4087 est
651 4034 748 4088 ratum
759 4034 787 4088 et
796 4031 917 4089 ilrmum

88 4123 246 4187 habentes,
267 4120 455 4194 sepedictam
482 4117 738 4191 compositionem,
754 4117 831 4176 sicut
854 4118 918 4177 sina

87 4212 234 4283 pravitate
248 4209 366 4282 provida
382 4210 459 4266 iacta
472 4211 527 4275 ost,
544 4213 573 4265 at
588 4224 606 4264 a
619 4208 702 4266 vobis
716 4212 821 4280 sponte
837 4225 916 4265 rece·

87 4306 150 4371 pta,
166 4303 197 4355 et
211 4300 242 4355 in
257 4297 376 4371 scriptia
391 4295 571 4354 authenticis
585 4295 689 4354 exinde
699 4297 839 4354 coniectis
852 4297 916 4370 ple·

87 4388 158 4445 nius
185 4387 363 4458 continetur,
379 4385 554 4444 auctoritato
582 4383 909 4459 spostolicacouflrma-
933 4398 959 4462 Ι)

88 4495 169 4545 mus,
185 4481 242 4533 etc.
258 4475 338 4533 Nulli
353 4491 434 4548 ergo,
449 4478 505 4531 ato.

124 4567 234 4623 Datum
249 4563 435 4634 heronium
449 4560 597 4619 Kalendas
610 4560 809 4634 Aprilia,anno
824 4566 916 4621 sarto.

442 4668 565 4726 XXXlll.

250 4810 425 4854 consumans
439 4810 473 4850 nr
486 4809 597 4850 roruno
616 4808 680 4849 rana
694 4792 754 4865 (li)

340 4907 380 4959 De
402 4900 538 4957 solvtione
556 4914 661 4956 carcar.

279 5006 438 5080 (Laterani,
453 5016 493 5062 vir
507 5004 572 5061 Kal.
589 5001 722 5077 Aprilis)

119 5114 202 5172 Solet
217 5128 358 5183 annuere,
382 5117 451 5184 etc,
476 5111 633 5168 inmortuae
657 5110 844 5182 probationis.
868 5111 913 5168 hd

120 5256 179 5328 (⁴3)
195 5255 266 5312 Vide
281 5257 367 5311 notas
382 5253 418 5310 ad
435 5252 590 5325 epistolam
601 5249 669 5307 libri
680 5249 776 5320 quinti
787 5254 816 5308 c.
832 5252 914 5310 Hanc

84 5328 213 5398 hujusce
227 5326 295 5382 libri
311 5325 385 5382 serti
409 5325 564 5398 epistolam
578 5323 626 5388 32,
640 5338 707 5379 cum
730 5338 746 5378 a
769 5325 911 5396 ographo,

83 5401 122 5457 ad
138 5400 228 5454 iidem
246 5395 434 5470 autographi,
450 5397 528 5468 quod
544 5397 574 5451 in
590 5393 718 5477 archivis
732 5339 856 5451 ahbatie
879 5397 909 5452 S.

81 5470 236 5529 Genoveie
251 5473 429 5535 asservatur,
447 5468 564 5524 adacto
579 5466 665 5538 regie
684 5466 773 5520 inseri
796 5467 910 5523 tionum

81 5548 112 5601 et
131 5541 344 5598 humaniorum
370 5537 534 5595 litterarum
560 5535 739 5592 Accedemie
783 5539 858 5606 ocio,
873 5539 909 5595 D.

81 5605 910 5688 iiongos,diiigantarasscriptc,nobiaquahumanissima

926 309 953 379 Ᾰ
970 329 1113 393 indicium
1129 344 1239 410 autem,
1252 344 1329 416 quod
1342 344 1378 400 de
1393 343 1573 401 Patrimonio
1587 344 1666 401 beati
1678 344 1753 402 Petri
1764 350 1794 403 et

113 434 252 476 rarecort
267 432 683 488 ranrsransa,saaar1sarvc·rm
698 434 858 487 amoveam,
935 422 937 426 ‘

969 427 1794 499 nostrodomanioeristatia‚ducasolidosaffortiatorum

969 516 1123 573 annuatim
1140 519 1174 574 da
1189 519 1317 595 singulis
1332 522 1483 592 domibus,
1496 523 1615 581 nomino
1626 541 1733 582 census
1744 542 1795 580 no·

969 607 1037 660 atras
1051 622 1174 665 camera
1190 610 1369 681 persolvetis.
1387 610 1462 668 nulli
1477 628 1557 685 arga,
1572 619 1628 670 etc.

888 771 890 775 Α
1006 694 1109 751 [iatum
1127 699 1275 769 Laterani,
1289 718 1326 756 vu
1344 700 1410 758 Kal.
1433 701 1542 774 Aprilis

1274 830 1276 834 ‚
1321 789 1442 847 xxiiii.

970 889 1078 930 nscrno
1093 891 1189 934 sarrs
1203 895 1304 935 meam
1319 897 1401 936 mann
1415 898 1586 938 manasseas
1603 881 1670 954 (45),
1685 899 1722 938 nr
1742 898 1796 938 aa·

1158 983 1339 1037 carniacono,
1356 986 1603 1028 errunronusraus.

971 1051 1082 1110 Mandat
1110 1065 1140 1112 ut
1168 1057 1275 1125 sudant
1290 1058 1428 1125 iristitiam
1446 1061 1558 1116 cuniam
1586 1061 1699 1130 clerico,
1715 1074 1800 1133 super

1007 1125 1129 1208 pardum
1143 1130 1344 1186 consuetudine
1371 1133 1402 1187 in
1429 1131 1541 1189 diocesi
1565 1133 1746 1201 bituricenci,
1762 1146 1799 1186 rra

1007 1213 1139 1269 cuiquam
1153 1200 1353 1257 octrr'monr'um
1380 1219 1460 1259 soum
1490 1204 1609 1259 uendere
1633 1204 1724 1272 licent,
1739 1200 1797 1258 nisa

1008 1269 1061 1324 tuti
1073 1287 1122 1343 qus
1140 1270 1177 1327 sit
1190 1274 1217 1327 ei
1229 1275 1456 1345 propinquioris
1471 1273 1548 1331 tinec
1559 1274 1724 1346 parentelae.

1163 1360 1323 1433 (Laterani,
1340 1378 1379 1418 vn
1394 1362 1455 1417 llal.
1472 1362 1604 1435 Aprilis.)

1009 1452 1048 1504 Ex
1063 1449 1203 1507 relatione
1216 1451 1315 1509 dilecti
1330 1451 1394 1520 lilii,
1408 1452 1538 1524 magistri
1551 1453 1608 1511 0...
1621 1450 1735 1520 llaiual,
1747 1468 1797 1509 ca·

974 1536 1072 1594 nonici
1086 1539 1180 1596 Beate
1196 1541 1294 1598 llarioe
1308 1542 1344 1598 de
1358 1541 1435 1598 Salis
1460 1540 1665 1609 Bituricensis,
1679 1540 1795 1613 accepi·

975 1641 1042 1683 mus
1057 1628 1146 1699 quod,
1162 1644 1229 1685 cum
1245 1630 1427 1686 consuetudo
1441 1630 1472 1685 in
1489 1628 1661 1686 bituricensi
1677 1628 1794 1687 diecesi

972 1713 1124 1784 habeatnr,
1136 1734 1172 1775 na
1187 1718 1324 1792 cuiquam
1341 1719 1555 1792 patrimonium
1570 1735 1658 1775 suum
1668 1717 1795 1777 vendero

970 1806 1057 1863 liceat
1071 1808 1129 1864 nisi
1143 1808 1195 1865 tali
1211 1810 1260 1882 qui
1277 1810 1317 1866 sit
1331 1810 1356 1867 ei
1372 1808 1564 1884 propinquior
1590 1808 1621 1864 in
1644 1807 1724 1864 lines
1742 1823 1797 1879 pa·

971 1896 1097 1967 renteie,
1110 1898 1134 1954 si
1151 1899 1225 1955 iorte
1240 1900 1370 1957 suidciat
1383 1900 1418 1956 ad
1436 1899 1603 1969 emendum,
1619 1898 1687 1955 B...
1702 1912 1794 1970 quon·

971 1986 1466 2061 damavunculusajus,portionem
1479 1986 1659 2044 hereditatis
1669 2002 1729 2043 aue
1741 1984 1798 2043 P...

972 2078 1069 2144 militi,
1086 2077 1252 2134 baricensis
1278 2077 1447 2144 dimcaseos,
1464 2075 1651 2149 presumpsit
1672 2075 1798 2133 vendero

971 2167 1002 2224 in
1017 2165 1112 2240 ipsius
1127 2166 1329 2239 prejudicium
1345 2171 1376 2222 et
1389 2182 1557 2239 gravamen,
1571 2179 1640 2220 cum
1655 2167 1683 2219 et
1698 2161 1795 2235 ipsius

967 2258 1049 2330 justo
1065 2256 1160 2328 pretio
1181 2252 1486 2321 emisseteamdem,si
1498 2251 1799 2323 iuiasatabaoaupar

970 2347 1026 2403 hoc
1036 2345 1206 2420 requisitus.
1219 2345 1292 2410 Ouio
1302 2359 1368 2400 varo
1379 2339 1650 2416 prelatusclaricua
1661 2355 1721 2396 nou
1734 2337 1798 2410 juri

971 2437 1059 2506 civili,
1074 2438 1124 2494 sed
1154 2435 1326 2510 prouinciali
1350 2431 1567 2498 consuetudini,
1582 2429 1682 2487 volans
1698 2426 1797 2496 inniti,

971 2526 1131 2601 postulavit
1145 2545 1162 2584 a
1178 2526 1262 2583 nobie
1277 2524 1334 2582 eibi
1351 2522 1499 2595 justitiam
1524 2518 1668 2585 exhiberi,
1683 2517 1793 2573 diacre·

970 2616 1042 2673 tioni
1055 2622 1156 2673 vestre
1169 2633 1221 2690 per
1230 2613 1391 2688 apostolica
1402 2610 1511 2682 scripta
1521 2608 1709 2675 mandamus,
1721 2621 1795 2678 qua·

971 2693 1793 2778 tenuspartibusconvocatie,etc.‚quodjustumluerit...

972 2797 1148 2853 faciontes...
1166 2795 1289 2851 tirmiter
1303 2788 1463 2849 observari.
1480 2785 1577 2844 Nullis
1593 2784 1698 2841 litteris
1712 2788 1768 2840 etc.

1007 2889 1113 2941 Datum
1128 2882 1272 2954 Laterani,
1285 2898 1327 2937 vir
1341 2877 1402 2935 Kal.
1419 2875 1541 2949 Aprilis,
1556 2890 1634 2931 anuo
1647 2876 1730 2929 sexto

1323 2964 1436 3023 xxxV.

971 3087 1072 3129 eseam
1101 3082 1197 3124 sanun
1223 3076 1346 3130 vucrani,
1373 3070 1474 3114 nascar
1498 3064 1716 3118 sacuinracoao,
1744 3062 1798 3103 ru·

1289 3161 1481 3206 BONENSIBUS·

972 3249 1185 3312 Sententiam
1214 3248 1242 3302 J.
1259 3240 1401 3312 magistro
1428 3232 1583 3289 scholarum
1608 3226 1796 3305 Aurelianos·-

1008 3322 1093 3386 sium,
1107 3319 1142 3374 ort
1154 3318 1204 3372 hoc
1215 3331 1232 3370 u
1245 3328 1317 3381 popo
1339 3307 1475 3377 delegato,
1490 3305 1521 3358 in
1545 3316 1628 3383 causo
1652 3298 1795 3377 strationis

1006 3395 1151 3467 prioratus
1163 3382 1352 3444 Graciocesair
1362 3381 1458 3445 totum,
1469 3379 1633 3429 auctoritate
1643 3368 1796 3442 apostoleca

1007 3462 1155 3536 confirmat
1169 3459 1237 3531 (iu).
1687 3512 1688 3516 Ἰ

1008 3555 1082 3611 Cum
1098 3550 1167 3608 olim
1183 3549 1258 3603 inter
1274 3543 1396 3601 dilectos
1411 3537 1488 3595 filios
1503 3531 1677 3606 magistrum
1694 3529 1746 3587 P...
1758 3526 1796 3583 de

972 3644 1054 3712 Vico,
1065 3644 1094 3698 at
1107 3640 1165 3695 Α...
1182 3631 1368 3698 archenaud,
1378 3641 1468 3700 super
1481 3620 1623 3680 electione
1637 3616 1682 3673 vel
1697 3614 1796 3673 nomi·

973 3735 1090 3792 natione
1105 3729 1252 3804 prioratus
1267 3715 1467 3780 Greciaceneie
1483 3711 1607 3787 questio
1622 3710 1794 3806 variaretur,

972 3824 1045 3898 ipsis
1056 3821 1133 3895 apud
1144 3817 1243 3875 eadam
1254 3808 1445 3886 apostolicam
1458 3799 1637 3866 constitutis,
1653 3809 1795 3869 quoniam

972 3915 1008 3970 da
1024 3911 1137 3971 meritis
1152 3921 1247 3963 cause
1263 3899 1347 3957 nohis
1360 3899 1495 3953 constare
1511 3907 1570 3948 uon
1589 3888 1715 3961 poterat,
1729 3898 1794 3940 acm

972 3972 1797 4062 dilectoilliol...magistroachnlarumaurelianensium,

973 4095 1028 4152 sub
1039 4096 1118 4149 certa
1131 4089 1236 4153 torma,
1247 4082 1283 4138 de
1294 4091 1416 4136 assensu
1426 4071 1555 4146 partium
1567 4065 1706 4124 duximus
1718 4076 1796 4119 com·

972 4181 1158 4241 mittendam.
1184 4176 1250 4246 lpse
1273 4184 1350 4236 vcro,
1375 4164 1515 4220 mandato
1539 4161 1640 4215 nostro
1668 4154 1796 4225 recepto,

971 4278 1069 4351 partas
1084 4270 1119 4326 ad
1136 4261 1320 4340 presentiam
1335 4270 1420 4312 suam
1432 4248 1561 4309 Parisios
1576 4241 1757 4312 convocavit,
1767 4242 1797 4296 et

974 4362 1123 4446 proposito
1138 4369 1237 4415 coram
1253 4366 1286 4407 co
1311 4342 1426 4418 nogotio
1449 4337 1614 4396 examinato
1630 4331 1796 4403 diligenter,

969 4442 1394 4533 atplenediecuaecpostquom
1404 4425 1665 4530 perdepositioncs
1674 4416 1795 4475 testium

972 4543 1141 4612 solemniter
1153 4532 1329 4611 publicatae,
1340 4529 1369 4582 et
1379 4520 1507 4596 partium
1521 4512 1731 4576 instrumenta,
1744 4507 1797 4563 da·

972 4643 1084 4698 cretum
1100 4628 1189 4688 etiarn
1205 4614 1357 4679 electionis
1372 4607 1581 4669 canonicorum
1601 4595 1796 4699 subsumptio·

971 4729 1060 4785 nibus
1075 4720 1256 4778 roboratum,
1270 4709 1300 4764 et
1314 4703 1387 4759 alias
1402 4698 1532 4756 rationes
1547 4693 1583 4749 de
1600 4685 1728 4762 singulis
1741 4683 1795 4741 ha·

969 4815 1037 4874 buit
1052 4806 1186 4868 notitiam
1202 4795 1376 4873 pleniorem,
1393 4796 1518 4858 utraque
1546 4784 1626 4854 parte
1642 4778 1795 4849 presente,

969 4923 1004 4963 ac
1015 4895 1194 4962 sententiam
1204 4880 1368 4946 instantius
1377 4873 1556 4951 postulante,
1571 4866 1671 4925 habito
1684 4862 1795 4921 multo·

968 4968 1431 5052 ruml’arisiusjuradocantium,
1440 4961 1601 5021 etaliorum
1612 4954 1794 5030 prudentum

969 5080 1107 5149 consilio,
1123 5068 1298 5130 electionem
1313 5058 1359 5117 vel
1374 5051 1607 5113 nominationem
1630 5046 1736 5101 iactam
1756 5039 1794 5096 de

968 5237 1199 5304 communicato,
1215 5228 1324 5313 attenta
1351 5215 1544 5276 contulimus.
1569 5207 1657 5268 Nulla
1671 5202 1793 5264 omniuo

966 5317 1045 5375 ineat
1059 5306 1266 5434 discrepantia.
1450 5360 1456 5373 ι

1015 5387 1062 5455 hi}
1076 5383 1132 5439 Sic.
1174 5371 1279 5446 egend.
1296 5368 1370 5422 iortc
1384 5364 1465 5418 Fam.

1016 5459 1061 5528 45)
1090 5454 1131 5510 Da
1159 5438 1338 5504 monasterio
1362 5433 1495 5490 Madiane
1524 5418 1712 5487 bituricensi,
1726 5415 1793 5473 vida

966 5531 1004 5589 Gn
1020 5530 1041 5586 l.
1060 5523 1162 5584 Christ.
1179 5522 1201 5575 t.
1217 5515 1254 5583 ll,
1265 5510 1319 5568 col.
1337 5508 1399 5588 121ἶ
1460 5571 1467 5585 ι

1000 5599 1057 5677 (it)
1071 5594 1146 5653 Vide
1160 5582 1318 5663 epistolam
1334 5577 1401 5651 libri
1417 5571 1515 5647 quinti
1527 5567 1574 5624 at.
