3780 6000
123 188 189 245 1351

591 187 801 246 innocuam
819 188 858 241 lil
877 188 930 242 1²1².
951 187 1199 245 mulierosum
1217 188 1285 244 um.
1304 189 1354 244 xl.

1768 187 1828 243 ¹352

121 313 194 370 tioni
206 317 308 371 vestre
323 327 375 385 per
388 310 548 385 apostolica
562 312 673 383 scripta
683 310 860 366 mandamus
871 324 946 381 qua·
963 311 989 379 Α
1005 309 1105 367 omnia
1118 310 1331 368 ordinatu.Nou
1344 325 1414 384 ergo
1429 302 1516 368 debet
1526 309 1646 384 aliquis
1662 310 1829 371 caucasea

120 406 207 460 tenus
222 402 355 476 partibus
370 400 547 468 convocatis,
564 399 692 457 audiatis
705 414 835 471 causam,
851 402 880 456 et
889 415 943 472 ap·

42 532 46 537 -
120 492 279 564 pollutione
306 499 418 549 remota
442 490 500 547 fine
524 489 665 546 cononica
694 489 872 559 terminetis,
900 488 943 544 ia·

120 578 240 648 cientes,
256 584 310 636 etc.
327 580 407 648 Quod
432 579 456 635 si
482 596 539 634 nou
569 593 682 646 omues,
712 579 769 634 duo
797 582 942 644 vestrum,

120 672 176 725 etc.

155 756 440 828 Datum,ntinnlio
513 806 516 813 .

480 847 583 904 XVlll.

154 951 374 993 incarnarscoro
387 952 544 993 aaarsransr
554 951 732 993 arnrrscore
743 951 905 991 aaaronasr.

128 1044 319 1102 Utteatentios
332 1044 501 1115 patriarchae
521 1045 729 1131 Constantinop.
752 1041 863 1116 saciant
889 1043 940 1098 ot·

470 1133 590 1174 servom.

374 1223 587 1294 (dalamantia
604 1222 685 1288 alic.)

154 1330 339 1402 Significavit
354 1331 440 1388 uobis
455 1330 631 1389 venerabilis
647 1330 737 1386 irater
751 1333 851 1386 nostor
865 1328 941 1384 Gon·

118 1419 398 1491 atsutinopolitanus
407 1420 575 1492 patriarcba
584 1420 660 1491 quod
673 1419 784 1491 praelati
796 1417 941 1475 Ecclesia·

119 1524 185 1565 rum
198 1508 295 1564 eidem
314 1525 372 1565 uon
388 1509 587 1580 subjectarum
595 1508 940 1579 commorantesiuparc·

17 1626 22 1635 ·
117 1597 192 1654 chiis
207 1597 659 1668 sibisannctisexcomuuicato
684 1598 720 1653 ab
749 1597 813 1667 ipso
840 1600 869 1651 et
895 1596 939 1649 in·

115 1687 244 1743 terdicto
261 1687 397 1758 supposit

118 1775 155 1830 ad
166 1774 276 1842 divium
294 1775 504 1847 propterquod
528 1773 700 1830 dissolvitur
714 1791 821 1830 nervas
846 1773 938 1831 eccle·

115 1861 241 1919 siasticae
257 1862 774 1935 disciplinae.Undeipsisdedimusin
787 1862 938 1935 preceptis

116 1954 150 2008 ut
163 1952 357 2024 parochianos
373 1950 569 2008 Ecclesiarum
579 1968 643 2025 qna
654 1952 711 2025 ipsi
723 1952 861 2022 sublectae
870 1956 940 2008 sunt

39 2082 42 2087 -
115 2040 299 2113 patriarcha,
315 2056 383 2097 cum
401 2040 436 2096 ab
450 2058 484 2097 eo
500 2041 744 2097 excommunicati
760 2040 870 2096 luerint
893 2040 937 2096 vel

114 2129 269 2185 interdicto
285 2129 441 2202 suppositi,
454 2128 623 2186 nullatenus
638 2130 768 2201 recipere
780 2131 815 2185 ad
827 2129 937 2196 divina,

36 2284 38 2289 ,
113 2216 157 2273 vel
173 2217 216 2279 sis
231 2222 415 2274 sacramenta
440 2218 642 2274 Ecclesiastico
660 2217 797 2274 exhibere
825 2234 936 2289 presu-

115 2309 206 2363 mant.
224 2306 365 2372 Quocirca
380 2306 556 2363 fraternitati
570 2311 673 2363 vestre
702 2322 754 2379 per
776 2306 939 2379 apostolica

113 2395 937 2469 scriptamandamusqnatenussiprelatiprredictarum

113 2482 310 2541 Ecclesiarum
327 2484 362 2540 de
373 2487 475 2541 cetero
487 2484 516 2540 id
528 2482 770 2557 presumpserint
779 2488 936 2553 attentare,

112 2588 164 2628 vos
178 2582 225 2629 eos
241 2590 255 2628 a
273 2574 502 2645 presumptione
517 2573 688 2646 hujusmodi
702 2589 754 2647 per
781 2589 937 2630 censuram

112 2660 342 2718 ecclesiasticam
355 2661 550 2734 appellatione
560 2662 935 2736 postpositacompescatis.

150 2753 269 2822 Datum,
285 2759 315 2806 ut
330 2751 361 2806 in
377 2751 448 2807 otio.

490 2851 567 2906 alx.

112 2950 255 2991 nascaris
269 2950 461 2993 uccmsraaona
477 2954 660 2994 paraliticus
670 2954 728 2993 ana
739 2953 935 2996 suanaoranunl

379 3042 668 3084 consrarrraoaouns.

429 3135 466 3191 lie
480 3134 577 3190 ecdem
591 3149 621 3190 re

360 3224 492 3298 (Datum,
513 3228 586 3281 alic
605 3225 686 3298 alia.)

147 3329 330 3403 Significavit
343 3332 429 3389 uobis
444 3332 620 3390 venerabilis
636 3333 725 3389 irater
739 3337 841 3390 noster
863 3337 935 3389 Con·

19 3468 23 3475 .
111 3420 570 3492 etantinopolitauuspatriarcha
598 3423 676 3494 quod
705 3439 755 3479 vos
784 3423 934 3481 interdum

109 3515 327 3566 commorantes
344 3510 372 3564 in
383 3511 531 3583 parochiis
542 3511 598 3568 sibi
610 3511 751 3583 subjectis
761 3529 933 3570 exeommu-

109 3596 223 3653 nicatos
238 3598 274 3653 ab
290 3599 353 3668 ipso
368 3604 396 3654 ct
406 3598 561 3655 interdicto
572 3600 743 3672 suppositos
756 3602 930 3658 nominatim

108 3685 239 3757 recipitis
255 3703 288 3742 ac
305 3687 413 3756 diviua,
426 3690 631 3760 propterquod
644 3689 930 3747 dissolviturnervus

107 3771 312 3831 ecclesiastica
328 3776 501 3849 discipliuae.
518 3778 659 3844 Quocirca
679 3780 867 3851 praesentium
881 3797 932 3837 vo·

109 3860 156 3919 bie
171 3865 345 3921 auctoritate
355 3867 532 3923 mandamus
547 3873 636 3939 atque
653 3867 841 3940 precipimus
859 3886 934 3941 qna·

107 3955 194 4008 tenus
210 3952 402 4023 parochianos
416 3954 612 4012 ltcclesiarum
629 3971 694 4027 quae
709 3955 766 4028 ipsi
793 3957 931 4029 sabjecta

106 4042 375 4114 suntpatriarolrre,
390 4060 458 4101 cum
483 4045 520 4101 ab
550 4044 793 4102 excommunicati
822 4047 932 4106 luerint

105 4129 150 4186 vel
166 4130 321 4188 interdicto
336 4134 495 4206 suppositi,
513 4134 641 4207 recipere
659 4135 696 4190 ad
711 4135 811 4191 diviua
825 4136 870 4193 vel
887 4138 931 4194 sis

106 4224 292 4277 sacramenta
303 4221 503 4279 ecelesiastica
517 4223 655 4281 exhibere
671 4223 839 4282 nullatenus
855 4243 929 4299 prae-

6 4348 12 4357 .
105 4310 414 4384 summatis.Alioquin
429 4313 648 4371 venerabilibus
665 4313 804 4371 iratribus
820 4317 928 4373 nostris

106 4397 328 4473 archiepiscopo
343 4401 503 4459 varisiensi
519 4403 697 4476 stepiscopo
712 4403 870 4462 Pauideusi
880 4421 928 4461 no·

104 4488 175 4544 stris
186 4489 293 4545 damus
309 4488 417 4548 litteris
432 4491 462 4547 iu
478 4492 628 4549 mandatis
642 4496 675 4549 ut
691 4508 744 4549 vos
760 4510 776 4548 a
791 4509 929 4565 prasum-

105 4575 206 4646 ptione
231 4577 403 4649 hujusmodi
431 4597 482 4651 per
510 4596 664 4639 censuram
702 4579 929 4640 ecclesiasticam

105 4662 303 4734 appellatione
318 4673 430 4724 remota
441 4675 642 4742 compescant.

141 4754 259 4823 Datum,
275 4762 304 4810 ul
314 4756 345 4810 in
359 4756 431 4813 clia.

486 4847 552 4904 XX.

418 4939 458 4992 De
469 4934 566 4992 eodem
576 4951 616 4992 re.

106 5036 343 5080 uarvaasooaaao
357 5039 587 5083 accaasraauna
616 5042 820 5085 raramacaaur
847 5047 927 5088 roar-

140 5127 267 5170 nrarrcar
295 5130 350 5170 noa
378 5132 569 5173 susurronum
594 5134 624 5174 ra
648 5134 925 5178 consranrrncroar·

146 5219 217 5259 rana
230 5219 353 5261 armenon
368 5221 568 5263 conneaanrr.

321 5312 482 5384 (Laterani,
498 5319 573 5372 Nou.
587 5315 707 5385 Martii.)

135 5427 246 5484 Divinae
261 5429 440 5487 ordinationi
456 5431 573 5489 videtur
583 5433 925 5506 resisterequipotestati

99 5517 294 5587 resistit,cum
311 5523 441 5591 potestas
453 5520 590 5595 qualibet
601 5522 640 5580 sit
653 5541 669 5579 a
684 5521 843 5595 Donaque
854 5528 925 5583 suut

998 402 1117 474 prelato
1129 401 1186 460 sibi
1200 402 1287 459 aDeo
1300 400 1413 475 aliquid
1424 401 1496 458 dum
1507 401 1585 459 iorte
1596 401 1672 457 dato
1683 400 1828 459 humiliter

997 491 1197 561 obedire,cum
1207 490 1827 558 Daieiliusoasaschristusateatriflear

997 580 1148 648 obediens,
1164 581 1193 638 in
1209 580 1398 639 altitudinem
1411 581 1525 640 venerit
1537 581 1589 653 boj
1596 596 1636 637 us
1652 581 1826 651 mariaatse

997 669 1696 744 abipsiuspcrmiserittempestatedemergimc
1718 669 1826 727 sisecur

997 761 1230 832 presumpserit,
1246 761 1276 816 in
1294 760 1374 818 illius
1391 762 1595 819 transferatur
1606 761 1774 835 imaginem
1785 764 1827 834 qui

996 847 1826 924 solinmsuumahaquilonevoluitrollocare.Gumigitur

995 938 1171 995 venerabilis
1185 939 1276 995 irater
1292 943 1391 996 noster
1406 939 1763 1012 constantinopolitanus
1780 958 1822 1010 pr·

996 1029 1125 1086 trinreba
1138 1029 1221 1086 vobis
1236 1029 1412 1103 disponente
1422 1030 1547 1087 Domino
1559 1031 1601 1088 sit
1613 1031 1823 1104 prelatus,uni·

995 1117 1128 1175 versitati
1143 1123 1248 1176 vestrae
1263 1136 1315 1192 per
1329 1119 1490 1191 apostolica
1500 1119 1620 1193 scripta
1637 1120 1822 1193 precipiendo

997 1208 1174 1265 mandamus
1190 1212 1337 1281 quatenus
1353 1208 1379 1266 ei
1394 1211 1538 1281 mnquam
1556 1208 1641 1281 patri
1656 1210 1822 1282 etepiscopo

997 1297 1162 1353 animarum
1178 1301 1343 1354 vestrarum
1361 1297 1512 1354 humiliter
1533 1297 1749 1365 intendentes,
1773 1299 1820 1354 im·

996 1385 1131 1458 pendatis
1146 1386 1203 1443 sibi
1218 1386 1389 1444 canonicam
1403 1385 1608 1443 obedientiam
1625 1391 1657 1444 et
1679 1387 1820 1458 honorem,

996 1473 1099 1530 scituri
1114 1477 1193 1547 quod
1208 1475 1234 1531 si
1246 1491 1332 1531 senus
1344 1476 1602 1547 presumpseritis
1614 1480 1820 1544 attentassent

996 1562 1026 1618 id
1041 1562 1150 1620 clausis
1165 1580 1224 1621 non
1240 1564 1403 1637 poterimus
1418 1562 1512 1621 oculis
1527 1565 1731 1638 pertransire.

398 1703 431 1742 0,
447 1686 622 1743 nominatim
638 1686 785 1742 ,nmmum
797 1685 981 1757 recipiuntss
1032 1652 1138 1711 Datum
1154 1653 1301 1722 Laterani,
1315 1653 1407 1710 Nouis
1424 1652 1535 1721 Martii,
1549 1670 1603 1711 an.
1622 1655 1792 1714 undecimo.

1368 1813 1442 1872 XXI.

997 1936 1166 1976 cunalselnlo
1185 1936 1214 1975 ΙΝ
1239 1936 1334 1977 cantro
1357 1938 1431 1978 maio
1460 1936 1597 1978 munerat
1619 1937 1818 1980 constamne-

1028 2024 1166 2065 ancirano
1180 2025 1365 2076 instaurent,
1382 2025 1416 2065 ΕΤ
1429 2026 1584 2066 romuleus
1600 2026 1721 2068 vitale...
1746 2027 1816 2067 illoto

1028 2113 1143 2153 variaris
1171 2114 1205 2154 ΕΤ
1228 2114 1368 2156 unlvnnso
1395 2115 1503 2156 noento
1532 2114 1815 2158 contremiscentia

1029 2201 1282 2244 commentariensi.

995 2294 1184 2351 Utconsilr’nm
1198 2303 1225 2351 et
1239 2295 1381 2351 auxilium
1407 2294 1584 2367 patriarcam
1607 2298 1815 2368 Constantiam.

1319 2367 1491 2439 impendant.

1251 2483 1379 2551 (ilatum,
1391 2491 1423 2539 at
1439 2483 1468 2538 ia
1480 2481 1558 2540 aiio.

1027 2603 1099 2658 Cum
1114 2603 1217 2656 vestra
1232 2600 1351 2656 utilitati
1368 2601 1504 2675 expediat
1518 2604 1547 2657 et
1563 2601 1676 2658 honori
1693 2607 1727 2658 ut
1737 2602 1818 2658 Greci

991 2694 1052 2747 tam
1068 2689 1165 2746 clerici
1180 2705 1269 2761 qnam
1285 2688 1351 2745 laici
1362 2689 1398 2745 ad
1409 2695 1605 2747 sacrosancte
1616 2695 1762 2748 Romanas
1771 2692 1819 2748 Ec·

990 2778 1086 2835 clesie
1112 2795 1145 2834 an
1178 2777 1354 2835 venerabilis
1393 2779 1493 2836 iratris
1520 2780 1615 2836 nostri
1642 2780 1816 2853 patriarcba

989 2865 1308 2940 Constantinopolitani
1323 2866 1521 2925 obedientiam
1540 2868 1669 2925 redeant
1695 2884 1815 2940 cumque

990 2959 1101 3027 patrem
1113 2955 1239 3011 habeant
1250 2960 1279 3011 et
1288 2957 1685 3028 pastorem,unlversitatem
1697 2962 1816 3014 vestram

950 3048 973 3118 c
992 3060 1130 3118 rogamus
1146 3045 1288 3102 attentius
1303 3050 1331 3102 ct
1341 3062 1507 3113 monemus,
1523 3062 1577 3118 per
1591 3046 1763 3119 apostolica
1775 3061 1817 3101 ro·

991 3134 1038 3190 bie
1052 3133 1161 3207 scripte
1176 3133 1352 3191 mandantes
1366 3138 1611 3207 quatenussupcr
1625 3133 1688 3191 hoc
1699 3134 1818 3208 patriar-

991 3222 1051 3278 chae
1068 3223 1205 3295 predicto
1220 3221 1419 3279 consiliumet
1449 3221 1592 3279 auxilinm
1622 3223 1815 3296 impendatis,

990 3312 1167 3369 senteutiam
1183 3327 1273 3385 quam
1287 3311 1317 3367 in
1333 3312 1449 3371 Grecos
1463 3311 1590 3370 rebelles
1615 3318 1745 3387 propter
1769 3312 1818 3369 boo

990 3401 1203 3458 rationabiliter
1217 3401 1318 3458 tulerit
1332 3403 1456 3459 firmiter
1466 3402 1678 3472 observantem
1688 3408 1724 3460 ut
1737 3404 1816 3459 dero·

989 3490 1029 3547 tio
1044 3494 1141 3547 vestra
1155 3490 1266 3547 clareat
1281 3492 1310 3547 iu
1327 3492 1444 3561 allecto,
1460 3496 1490 3549 ct
1504 3492 1685 3550 oberrantes
1705 3491 1817 3549 ovicula

988 3580 1109 3636 redeant
1123 3581 1158 3635 ad
1175 3585 1337 3652 pastorem.

1022 3668 1138 3741 ilatum,
1154 3673 1187 3725 ot
1201 3671 1232 3725 ia
1246 3669 1320 3726 ntia.

1356 3812 1443 3869 llel.

1255 3916 1540 3957 aaroa1r1sarscaura.

1111 4014 1146 4072 aa·
1161 4014 1342 4071 interdicatur
1355 4015 1519 4072 chromatio
1527 4031 1701 4089 puerorum.

1235 4130 1365 4203 (Datum,
1382 4135 1412 4186 ut
1427 4132 1458 4188 ic
1480 4130 1562 4203 alio.)

1018 4272 1063 4329 Ad
1080 4272 1258 4330 audientiam
1277 4279 1409 4331 nostram
1423 4272 1585 4330 venerabili
1597 4274 1695 4331 tratre
1719 4280 1814 4333 uestro

984 4361 1816 4437 patriarchaConstantinopolitanosignificantepervenit

943 4424 968 4489 Β
984 4452 1063 4524 quod
1079 4468 1112 4508 eo
1124 4456 1153 4510 et
1168 4451 1233 4508 aliis
1246 4452 1392 4526 episcopis
1405 4451 1598 4525 presentibus
1615 4469 1729 4525 pueros
1744 4470 1815 4527 pre·

986 4542 1081 4600 sumis
1096 4543 1234 4599 unctione
1249 4542 1325 4598 seori
1341 4540 1512 4599 chrismatis
1526 4542 1725 4615 confirmem
1738 4543 1813 4617 quod

985 4632 1041 4689 etsi
1056 4632 1137 4688 dicas
1152 4631 1312 4703 aliquando
1328 4631 1383 4688 tibi
1396 4631 1486 4688 luisse
1501 4632 1539 4689 ab
1553 4631 1725 4704 apostolica
1747 4633 1815 4690 sede

985 4735 1228 4790 eoncessum,nos
1244 4722 1344 4777 tamen
1359 4718 1414 4779 tibi
1429 4737 1464 4778 ue
1480 4720 1553 4776 illud
1568 4720 1686 4779 laceres
1702 4722 1815 4779 curavi·

985 4825 1052 4865 mus
1067 4809 1210 4866 inhibere.
1227 4809 1300 4866 Cum
1317 4810 1409 4882 igitur
1427 4808 1601 4882 huiusmodi
1623 4810 1813 4868 confirmatio

985 4914 1143 4972 puerorum
1160 4898 1195 4954 ad
1211 4899 1364 4973 episcopos
1374 4902 1490 4956 tantum
1502 4897 1651 4971 pertinere
1661 4905 1815 4969 noscatur,

984 4992 1157 5048 auctoritate
1172 4991 1225 5047 tibi
1240 4991 1428 5064 presentium
1444 4990 1610 5048 districtius
1640 4989 1815 5048 iuhibemus

983 5096 1020 5136 ne
1035 5080 1071 5136 de
1085 5083 1188 5136 antero
1204 5074 1310 5151 puero's
1325 5078 1516 5153 aliquatenus
1530 5077 1711 5136 confirmare
1742 5096 1815 5153 pra·

983 5167 1233 5240 aumas.Alioquin
1250 5169 1426 5226 seutentiam
1442 5185 1532 5242 quam
1546 5168 1576 5224 in
1588 5170 1813 5242 tepropterhoc

982 5257 1150 5330 patriarcha
1176 5258 1335 5330 praedictus
1370 5257 1585 5316 rationabiliter
1612 5258 1816 5333 promulgarit

981 5351 1075 5404 ratam
1091 5345 1278 5416 babebimus,
1293 5350 1322 5403 et
1350 5347 1493 5405 iaciemus
1520 5346 1659 5405 eamdem
1684 5354 1810 5407 anema

980 5434 1103 5493 Domino
1120 5435 1245 5492 llrmilor
1257 5434 1415 5493 observari.

1016 5530 1136 5597 Datum,
1164 5523 1225 5581 ntia
1244 5525 1313 5582 olio.
