3780 6000
70 160 128 221 205
573 163 834 224 roumulcarus
851 160 953 218 ANNO
971 162 1018 230 Vl,
1036 162 1181 219 Gllltlfl'l'l
1200 160 1281 218 1203.
1728 166 1783 225 206

73 288 185 361 ligions
199 289 392 362 conspicuum
408 294 438 347 at
451 290 575 349 selentia
589 289 859 348 commendandum
872 288 902 343 iu
917 288 945 356 Α
959 287 989 343 id
1004 287 1233 345 insufficientem
1248 291 1278 344 te
1292 293 1425 360 reputas,
1444 288 1503 346 nisi
1526 289 1652 348 alierum
1677 308 1781 367 regum

10 412 12 455 :
75 379 258 438 monasterie
279 378 401 438 Curensi
416 383 447 438 at
458 380 489 438 in
504 379 668 455 capellania
682 382 785 437 nostrs
796 379 903 452 proba·
956 376 1065 434 auxilio
1081 376 1225 450 fulciaris,
1240 378 1337 449 aitque
1351 378 1434 435 vobis
1450 394 1501 435 cer
1518 395 1623 452 uuum,
1638 385 1666 437 st
1680 381 1783 440 anima

10 494 14 549 ,¹
76 473 139 523 tum
161 468 261 536 nobis,
276 473 305 527 et
319 469 462 528 iratribus
477 469 701 528 uostrisiuerito
726 486 786 526 sua
802 468 902 542 prohi-
955 484 1024 536 una,
1037 472 1066 523 et
1074 467 1188 524 iacietis
1199 466 1360 523 vindictam
1374 467 1404 523 in
1422 468 1640 540 nationibus,et
1654 469 1781 529 ultiones

10 562 12 575 '
74 556 143 614 tatis
155 562 322 631 acceptum,
334 558 492 632 degremio
513 559 682 633 apostoliea
693 559 772 616 sedis
791 556 903 630 uccopi·
953 556 984 612 in
999 556 1127 630 populis,
1147 557 1199 629 qui
1214 557 1369 614 nobiscum
1385 573 1443 614 non
1469 562 1657 631 congregant,
1672 560 1723 616 aed
1735 558 1778 616 lo·

75 662 151 710 mus,
168 648 236 720 ejus
251 647 331 717 iilis,
345 648 482 707 videlicet
495 648 625 706 ecclesiae
639 652 744 704 vestra
758 647 789 702 in
803 648 900 702 virum
953 660 1021 701 cum
1040 650 1174 702 nestrum
1193 649 1221 702 et
1241 650 1359 719 gentem
1385 645 1488 704 tollere
1508 647 1682 717 moliuntur,
1707 647 1778 721 quia

74 736 289 804 concessimus,
316 742 345 794 at
365 737 449 796 vebia
471 738 502 794 in
525 741 637 812 patrem
664 735 847 811 prefecimus
872 737 901 790 et
953 733 1009 806 ipsi
1023 751 1113 807 super
1128 735 1182 791 hoe
1198 740 1294 792 tecum
1312 752 1370 791 non
1386 736 1530 808 sentiunt,
1545 736 1606 793 imo
1621 737 1777 810 lengoalis

72 826 223 898 abbatem,
241 832 405 899 sperantes,
420 829 499 900 qued
516 844 567 901 per
580 826 757 884 iudustriam
775 829 803 881 et
818 823 899 881 selli-
954 839 1037 881 mens
1052 833 1097 882 est
1114 825 1167 894 eis,
1188 825 1240 893 ita,
1257 828 1289 880 ut
1303 825 1423 897 quidam
1442 841 1543 883 eorum
1559 826 1660 885 hostes
1679 829 1775 886 crucis

72 914 236 972 citudinem
248 915 352 985 eiusin
361 915 567 989 spiritualibus
577 921 606 972 et
616 913 827 988 temporalibus
837 929 898 969 mo·
952 913 1047 971 levero
1068 914 1096 970 iu
1122 914 1234 970 malum
1255 915 1449 988 sibimetipsis
1463 915 1590 973 relinere
1607 917 1774 989 videantur,

72 1004 238 1060 materiam
254 1008 397 1069 restrum,
408 1003 899 1076 danteDomino,suscipietincre·
952 1003 1294 1075 postulabaaanobis,ut
1304 1003 1488 1076 proptcrhoc
1502 1005 1630 1078 legatum
1641 1015 1774 1064 nestrum

10 1118 12 1123 ·
71 1097 217 1151 mentum.
230 1100 385 1151 uouemus
396 1093 899 1169 igituruuiversitatemvestram,et
951 1091 1163 1166 inHisponiam
1175 1092 1774 1169 mitteremus,quicerdaregumipserum

10 1172 13 1235 ἱ
69 1182 898 1258 exhortamurattentiua,etperapostolicavobisscripta
950 1182 986 1237 ad
1001 1185 1030 1238 te
1045 1186 1236 1253 converteret,
1251 1185 1280 1239 et
1301 1186 1330 1239 te
1344 1182 1418 1256 ipsis
1443 1183 1547 1240 lortius
1563 1183 1704 1253 couniret,
1721 1185 1775 1244 lla·

10 1274 14 1339 2
68 1273 251 1330 mandamus
271 1276 361 1346 atquo
375 1273 573 1346 praecipimus,
595 1277 740 1345 quatenus
760 1271 895 1327 abbatem
950 1274 1053 1343 ratque
1076 1271 1201 1328 societas
1220 1275 1328 1338 vestra,
1351 1273 1436 1344 quasi
1456 1273 1558 1329 civitas
1577 1274 1678 1343 firma,
1701 1266 1772 1333 duin

10 1408 13 1427 ,
66 1359 895 1437 ipsumadgerendamipsiusruenastcriisollicitudiuem
949 1361 1054 1418 iratres
1065 1379 1097 1419 se
1110 1361 1235 1418 invicem
1245 1362 1428 1434 adjuvarent,
1445 1379 1498 1418 nec
1509 1363 1544 1419 de
1560 1362 1639 1419 iacili
1654 1363 1771 1421 lanicu-

67 1468 134 1509 oum
160 1450 268 1525 gratis
290 1456 398 1510 nostra
415 1451 598 1527 plenitudine
620 1451 796 1521 uenientem,
818 1449 896 1505 sicut
949 1449 996 1507 lus
1012 1450 1165 1525 multiplex
1176 1454 1372 1523 rumperetur.
1390 1450 1448 1508 Nos
1459 1453 1773 1526 autem,jampridem,

66 1550 180 1614 patrem
198 1546 228 1598 et
242 1546 389 1615 pastorem
405 1541 552 1614 recipiatis
568 1541 711 1605 hilariter.
727 1545 756 1597 ot
770 1539 895 1611 benigne
949 1540 1119 1614 cumprime
1132 1540 1268 1597 videlicet
1279 1540 1520 1614 auperhoctuum
1533 1541 1617 1599 uobis
1628 1541 1772 1600 intimasti

10 1702 12 1707 Ι
66 1630 214 1704 tractetis,
231 1630 364 1688 salubria
385 1632 497 1688 monita
511 1634 540 1687 et
558 1634 669 1688 statuta
683 1629 778 1703 ipsius
793 1644 893 1686 susco-
908 1659 933 1727 B
948 1629 1131 1702 propositum
1150 1630 1359 1702 (attendentes,
1385 1631 1476 1702 qued,
1500 1630 1558 1687 diei
1582 1647 1771 1704 superexcre-

10 1728 13 1803 ζ
69 1719 163 1794 ptari,
181 1720 336 1778 humiliter
349 1724 379 1778 et
393 1720 579 1777 inviolabiter
599 1718 754 1789 servaturi,
771 1722 805 1775 ut
827 1733 893 1774 cum
948 1723 1048 1777 scente
1061 1718 1185 1788 malitia,
1200 1719 1362 1776 multorum
1377 1720 1507 1776 charitas
1518 1721 1691 1794 refrigescit,
1703 1738 1771 1779 cum

67 1808 95 1865 in
108 1808 199 1867 vehis
210 1808 312 1867 lilialis
322 1810 444 1868 alt'octus
455 1809 733 1867 lueritdevotiouam
745 1811 892 1881 expertus,
947 1826 1006 1866 nen
1022 1809 1062 1867 sit
1074 1809 1125 1882 qui
1136 1809 1223 1866 iaciat
1234 1809 1410 1880 bonum,vix
1422 1809 1510 1866 etiam
1522 1811 1664 1883 usquead
1676 1828 1770 1869 unum

66 1903 201 1972 patarnae
224 1898 392 1956 dilectionis
413 1898 539 1972 gratiam
555 1898 635 1956 vobis
657 1898 826 1970 impendere
849 1900 893 1954 to·
946 1902 974 1955 et
989 1914 1073 1971 reges
1083 1898 1290 1971 Hispaniarum
1305 1898 1335 1954 iu
1347 1898 1528 1970 quibusdam
1543 1915 1602 1956 non
1618 1899 1714 1956 selum
1725 1899 1769 1956 di·
1850 1931 1854 1947 ·

65 1998 181 2061 neatur,
198 2005 258 2046 non
269 1989 452 2062 tauquamin
464 1988 540 2046 clero
552 1989 718 2055 deminans,
735 1987 786 2044 sed
797 1988 891 2043 laetus
944 2003 1029 2044 versa
1044 1988 1173 2060 sapiant,
1189 1988 1241 2044 sed
1252 1989 1386 2056 adversa,
1403 2003 1457 2044 nee
1472 2004 1527 2061 pax
1538 1989 1665 2060 pecteris
1676 1990 1771 2059 vigeat

10 2104 13 2165 ;
64 2078 162 2151 potius
173 2095 211 2135 ax
222 2078 322 2136 anime
334 2079 427 2135 lorma
437 2079 544 2152 gregis.
555 2078 702 2151 alioquin,
714 2076 890 2133 senteutiam
944 2077 1094 2143 intereos,
1114 2077 1165 2134 aed
1179 2093 1234 2149 par
1250 2077 1348 2149 potius
1364 2077 1549 2149 peccatoris),
1567 2076 1620 2133 tibi
1635 2080 1706 2135 tuno
1718 2080 1771 2135 du·

10 2186 13 2211 =
64 2183 151 2239 quam
168 2166 350 2242 regulariter
363 2167 465 2225 tulerit
489 2167 519 2224 in
535 2167 668 2236 rebelles,
685 2171 781 2224 ratam
798 2166 890 2222 habe·
942 2166 1041 2223 ximus
1056 2166 1283 2234 consulendum,
1299 2171 1332 2222 ut
1348 2166 1403 2224 hoc
1419 2171 1551 2240 tompore
1566 2171 1670 2224 contra
1684 2167 1768 2224 Chri·

64 2257 175 2330 bimus,
191 2262 222 2314 ot
237 2257 393 2328 iaciemus,
403 2262 521 2315 anctore
535 2257 669 2324 Domino,
681 2255 889 2313 invielabiliter
943 2259 1055 2316 stiones
1065 2259 1141 2332 (507)
1157 2249 1262 2315 lortius
1277 2258 1440 2327 excitares3
1458 2274 1537 2314 nuuc
1553 2273 1671 2330 quoquo
1685 2261 1768 2315 tauto
1832 2266 1834 2271 '

64 2346 225 2405 observari.
941 2349 1047 2427 lortius
1063 2348 1093 2404 in
1117 2348 1267 2422 preposito
1293 2355 1393 2405 nostro
1413 2347 1611 2421 persistimus,
1631 2350 1660 2404 et
1675 2347 1765 2419 priori

92 2437 204 2494 hatum
221 2436 373 2509 Anagnia,
389 2435 481 2494 Nouia
494 2436 653 2493 Februarii.
940 2435 1763 2510 oonsilio,quodadhuosalubreoredimus,adharemua,
1865 2516 1876 2523 ..

93 2524 243 2599 Scriptum
257 2531 297 2583 eet
318 2525 394 2583 clero
407 2530 437 2582 et
451 2526 560 2600 populo
578 2524 765 2598 juridictioni
782 2541 886 2582 mouu-
940 2531 1050 2599 quanto
1061 2544 1129 2600 pars
1138 2527 1257 2584 hostilis
1267 2525 1382 2583 videtur
1392 2543 1426 2582 ex
1435 2543 1467 2583 ee
1475 2525 1604 2599 amplius
1615 2526 1762 2592 roborata,

63 2616 143 2674 sterii
161 2616 282 2672 Sanctae
296 2615 467 2689 liuphsmiae
478 2616 629 2689 subjectis,
643 2617 672 2670 ia
689 2614 813 2672 eamdem
827 2616 888 2686 [ere
940 2617 1019 2688 quod
1034 2616 1366 2673 rexllnrrochitauusde
1377 2631 1444 2689 rega
1456 2615 1675 2688 Majericarum,
1686 2615 1764 2673 sicut

60 2706 182 2773 modum
206 2720 295 2778 osque
312 2705 462 2775 tractetis3
478 2705 503 2762 ei
527 2705 563 2762 da
585 2710 688 2762 eaetero
713 2705 788 2760 sicut
813 2721 885 2777 pra·
938 2706 1117 2778 accepimus,
1132 2705 1337 2778 triumphavit.
1354 2711 1383 2761 et
1397 2703 1565 2775 oonJunctis
1580 2705 1697 2761 duobus
1713 2720 1758 2761 ro·

59 2794 208 2853 decessori
224 2795 289 2868 ejus
303 2794 446 2851 hactenus
462 2794 657 2863 intendentes,
672 2798 701 2851 ct
712 2793 884 2850 assistentes
938 2796 1005 2868 gnis
1015 2795 1045 2851 iu
1057 2811 1162 2863 unum,
1174 2812 1241 2851 cum
1252 2793 1643 2867 potentiamaliliaejusdem
1650 2798 1760 2851 blarru·

58 2885 196 2942 eidemin
206 2883 333 2957 negotiis
342 2883 512 2941 monasterii
524 2884 726 2957 procurandis,
739 2883 786 2940 cui
796 2883 883 2940 etiam
938 2884 1048 2942 cbitani
1064 2884 1142 2958 regis
1154 2884 1299 2952 excrevit;
1317 2884 1404 2952 undo,
1420 2884 1457 2939 ad
1473 2898 1657 2956 prasens,ox
1671 2898 1762 2939 causa

57 2975 264 3047 juramentum
279 2972 429 3030 fidelitatis
444 2974 608 3031 seeundum
622 2977 762 3040 vestram,
777 2976 806 3029 et
816 2989 882 3045 pre·
938 2974 1087 3046 praedicta,
1102 2974 1232 3046 legatum
1247 2974 1277 3029 in
1292 2972 1475 3046 Hispaniam,
1492 2988 1550 3028 non
1568 2971 1761 3045 proponimus

55 3064 226 3137 genitorum
240 3067 404 3119 vestrorum
418 3062 672 3135 consuetudinem,
688 3078 784 3119 cuma
798 3061 882 3121 vebia
897 3026 919 3094 C
938 3065 1097 3122 destinare.
1112 3071 1263 3123 Menemus
1278 3063 1368 3137 igitur
1383 3063 1574 3121 serenitatem
1590 3061 1713 3135 regiam,
1733 3065 1762 3118 et

57 3158 195 3210 exactum
219 3151 317 3218 luerit,
338 3151 508 3224 impendero
522 3151 737 3222 nontardotis3
761 3151 786 3207 si
811 3151 881 3224 quid
935 3153 1125 3211 exhortamur
1148 3154 1179 3209 iu
1204 3153 1328 3211 Domino
1351 3156 1507 3225 quatenus,
1531 3156 1622 3207 Deum
1647 3150 1762 3207 habena

55 3248 162 3300 contra
176 3240 349 3299 fidelitatem
360 3241 455 3298 eidem
471 3242 651 3299 monasterio
662 3241 881 3313 debitamjura·
934 3259 992 3316 prae
1007 3243 1112 3313 oculis,
1136 3242 1367 3299 adolescentiam
1392 3249 1472 3298 tuam
1497 3240 1523 3297 ei
1539 3240 1660 3301 studeas
1676 3238 1760 3295 dadi·

54 3331 154 3399 sistis,
177 3328 252 3386 illud
267 3333 409 3404 tanquam
432 3329 569 3387 illicitum
585 3329 754 3387 nullatenus
778 3330 880 3386 obser·
934 3348 1010 3403 care,
1031 3332 1132 3403 sicque
1146 3330 1203 3403 ipsi
1225 3331 1358 3388 studiosa
1380 3329 1539 3399 deservias,
1556 3332 1621 3384 uta
1643 3332 1760 3399 tempe·

53 3426 180 3491 santes,
200 3420 375 3477 mandatum
389 3419 584 3492 apostolieum
605 3419 704 3476 taliter
717 3418 879 3493 impleturi,
933 3420 1004 3477 ralis
1018 3421 1101 3494 regni
1121 3419 1196 3478 solio
1221 3420 1257 3475 ad
1272 3434 1398 3491 reguum
1420 3415 1575 3491 pervenias
1600 3413 1757 3487 sempiter-

54 3510 135 3582 quod
164 3510 245 3566 idom
269 3509 361 3566 abbas
386 3525 449 3578 ves,
475 3509 553 3567 sicut
580 3508 722 3583 speciales
751 3509 879 3567 eeclesia
932 3526 1015 3566 num.

54 3599 147 3671 tilios,
166 3598 290 3673 diligero
305 3599 410 3657 debeat
424 3603 453 3656 et
474 3600 580 3657 lovers.
597 3598 742 3672 Alioquin,
757 3603 827 3669 ato,
850 3607 881 3658 ot
968 3600 1075 3657 ilatum
1089 3597 1240 3672 Anagniae,
1255 3613 1301 3654 xor
1316 3596 1379 3653 Kal.
1396 3595 1505 3655 Martii.

51 3706 151 3763 “W-
1212 3704 1373 3764 CCXXXVI
1387 3703 1473 3776 (508).

88 3780 199 3837 Datum
215 3778 367 3852 Anagnia,
381 3796 423 3835 vu
438 3778 481 3835 ld.
499 3778 659 3837 Februarii.
1145 3809 1365 3852 ,mmmmm
1375 3809 1541 3850 spitonensi.

341 3866 485 3926 ccxxxv
509 3868 594 3941 (5⁰⁶)·
933 3887 1029 3946 Reddit
1042 3889 1167 3944 rationes
1193 3901 1244 3942 eor
1266 3885 1339 3941 alios
1356 3882 1444 3940 nimia
1469 3883 1538 3940 doro
1551 3880 1707 3955 scripserit,
1731 3886 1760 3936 et

294 3973 424 4015 inausum
436 3974 701 4015 ascraaaaooucrr.
1164 3974 1229 4016 eom
1253 3956 1413 4013 consolatur
1440 3955 1525 4027 (509).

90 4048 274 4119 locationem
293 4046 322 4102 iu
338 4048 501 4120 llispour'om
515 4047 546 4103 io
561 4047 640 4103 aliud
659 4056 764 4121 tempos
777 4047 877 4121 differt.
1129 4045 1347 4120 (insignitam
1362 4044 1426 4101 Kal.
1441 4043 1561 4115 Martii).

247 4136 407 4209 (Anagnia,
423 4153 470 4193 nvi
492 4135 553 4193 Kal.
570 4136 689 4210 Martii.)
969 4139 1049 4195 Licet
1064 4136 1198 4211 epistola,
1214 4152 1303 4207 quam
1319 4151 1372 4207 pro
1387 4132 1548 4190 venerabili
1558 4133 1649 4189 lratre
1659 4133 1760 4189 nestro

88 4224 289 4297 Divineslegis
301 4225 422 4298 injuria,
436 4231 465 4282 et
482 4225 679 4283 zalusdomus
701 4227 819 4284 Domini
830 4244 881 4284 eor
935 4268 991 4285 .....
994 4225 1246 4284 Autissiodorensi
1263 4224 1373 4298 episco,
1398 4228 1501 4280 contra
1515 4221 1646 4279 nobilem
1661 4220 1761 4277 virum

54 4316 171 4390 regium
190 4313 324 4386 tetigisse
346 4314 472 4387 videtur,
497 4332 565 4372 curn
587 4316 623 4372 ad
649 4331 749 4372 eornm
764 4316 879 4390 aspiras
934 4357 1041 4376 .....
1057 4316 1196 4372 comitem
1211 4306 1762 4381 antissiodorensem,tuaefraternitati

53 4404 186 4477 suspiria
200 4409 231 4462 st
245 4404 400 4461 interitum
426 4405 564 4463 ardenter
577 4405 717 4477 intendis,
740 4406 789 4478 qui
805 4405 880 4463 [ilios
896 4405 919 4470 l]
935 4407 1109 4475 direximus,
1132 4404 1230 4477 gravis
1254 4404 1353 4472 luerit,
1376 4406 1415 4474 et,
1441 4402 1527 4476 quasi
1553 4398 1764 4474 penetrabilior

52 4494 144 4552 lsrael
172 4493 302 4567 graviter
325 4499 553 4567 persequuntur,
577 4499 606 4552 st
620 4497 656 4552 de
675 4499 751 4553 terra
774 4495 882 4553 vellent
936 4496 1017 4555 omni
1033 4494 1128 4567 gladie
1145 4493 1277 4566 ancipiti,
1292 4499 1377 4549 tuum
1394 4492 1527 4549 animum
1539 4488 1709 4563 penetrarit,
1723 4486 1765 4542 ita

54 4583 166 4640 Christi
176 4582 308 4640 nominis
322 4584 494 4641 memoriam
510 4583 637 4641 abolere.
654 4584 827 4642 consideras
838 4589 882 4641 et·
937 4587 1015 4660 quod
1030 4586 1095 4658 ipsa
1106 4587 1233 4656 recepta,
1244 4581 1462 4655 quodammode
1474 4579 1694 4636 animamtuam
1706 4579 1765 4632 tum

53 4672 145 4743 anim,
162 4671 242 4744 quod
263 4671 299 4728 ad
323 4670 484 4728 vindictam
509 4671 740 4745 malefactorum,
763 4671 881 4728 laudem
936 4676 1001 4734 viia
1017 4675 1145 4745 taederet,
1164 4676 1253 4746 upote
1269 4687 1334 4744 qua
1360 4670 1489 4727 multum
1515 4665 1726 4725 amaritudinis
1737 4667 1767 4721 ot

57 4777 125 4818 raro
149 4760 311 4832 bonorum,
333 4760 516 4818 materialem
531 4761 663 4834 gladium
684 4762 832 4835 accepisti,
855 4767 884 4818 et
937 4765 1012 4823 nihil
1022 4762 1189 4821 dulcedinis
1200 4760 1380 4830 continebat,
1393 4759 1460 4832 plus
1476 4759 1555 4816 aloes
1567 4773 1655 4831 quam
1667 4752 1766 4813 mellis

53 4850 123 4908 ideo
138 4848 256 4919 niteris,
271 4866 308 4906 ne
318 4849 561 4924 illumaccapisse
571 4851 601 4907 in
612 4850 882 4920 vacuumvidearis,
938 4857 1062 4923 hahens,
1079 4854 1150 4922 imo,
1166 4851 1267 4908 nescia
1281 4848 1520 4924 prorsusmellis‚
1539 4847 1617 4920 qued
1628 4846 1662 4902 ad
1674 4843 1765 4901 saorl-

55 4938 262 4998 terramillam
275 4939 311 4997 de
321 4938 570 4997 manibuseorum
582 4940 704 5014 eripere,
714 4956 802 5013 quam
813 4939 884 4995 olim
938 4946 1038 5002 licium
1053 4942 1299 5001 lexblosaicanen
1311 4937 1552 5007 admittit,salcm
1564 4935 1764 5001 selummodo,

55 5028 306 5087 christianissimi
322 5044 408 5103 reges
430 5036 460 5087 et
481 5029 623 5088 Catholici
639 5030 788 5104 principes
810 5030 883 5086 eliu·
939 5037 1018 5109 quod
1034 5033 1193 5107 apponitur
1208 5032 1238 5088 in
1258 5031 1340 5088 omni
1356 5029 1513 5098 sacrificio,
1536 5026 1687 5100 sopiebat3
1705 5039 1764 5081 nen

57 5119 140 5178 sione
155 5117 269 5193 proprii
283 5118 437 5193 sauguinis
452 5123 671 5193 compararunt.
687 5119 838 5187 Quisvero
848 5118 885 5176 ad
939 5130 1039 5184 tamen
1054 5140 1107 5181 nos
1122 5122 1244 5196 poenitet
1259 5121 1301 5178 sie
1312 5119 1468 5194 scripsisse
1481 5144 1488 5190 ;
1504 5119 1556 5177 sed
1571 5117 1608 5173 ad
1619 5116 1721 5173 horam
1736 5115 1767 5177 to

90 5298 347 5426 (wbngpistelam
362 5301 438 5361 hauc
452 5300 555 5360 laudat
579 5300 758 5376 llaynaldus,
774 5302 810 5360 ad
831 5320 886 5360 an·
939 5303 1022 5371 troi,
1039 5306 1053 5373 ξ
1067 5303 1113 5358 57.

61 5387 137 5429 num
219 5442 225 5453 ,
251 5370 322 5456 §⁷4-
976 5377 1051 5460 (599)
1066 5375 1107 5431 De
1131 5376 1319 5475 argumento.)
1341 5370 1407 5430 vide
1429 5367 1570 5444 epistolas
1585 5365 1677 5440 hujus
1698 5363 1766 5430 ΙΝ

96 5440 889 5592 iffi{firmitaslaneataaynaluuaaeannun
942 5453 1016 5507 mu
1032 5447 1094 5519 Μ’
1111 5446 1173 5515 ¹50⁹
1190 5446 1251 5516 Μ
1268 5446 1330 5502 15ώ

235 5626 354 5700 tanen
376 5634 487 5702 ccxv.
1587 5632 1607 5690 e
