3780 6000
146 256 217 313 1007
620 252 828 315 Innocuam
846 250 885 302 lll
904 249 959 303 PP.
978 245 1224 305 REGRSTORUM
1242 248 1307 303 tus.
1328 250 1378 302 lX·
1592 253 1597 263 '
1786 250 1858 311 1008

142 376 541 449 tentiaminterdicti,acille,
552 371 965 450 ipsiuseentcntiavillpense,
981 372 1008 441 Α
1024 368 1172 442 principes
1185 370 1413 443 seculares,qui
1428 370 1596 430 doriensis
1610 373 1738 432 Polonia
1752 379 1854 434 eonati·

144 486 242 526 coram
257 468 394 526 Ecclesiae
407 470 590 540 persecutore
605 460 970 538 precipuo,excommuni·
1024 463 1104 515 letos
1120 459 1202 516 taliis
1216 464 1245 516 et
1255 459 1321 516 aliie
1336 461 1540 519 exactionibus
1563 461 1748 536 inquietent,
1765 471 1798 523 ut
1819 470 1851 525 ab

144 564 209 615 enar
239 556 414 613 nourinatim
428 557 464 613 ub
480 556 556 627 ipso,
569 555 670 611 divine
697 552 847 610 celebrare
874 549 970 606 officia
1022 547 1196 621 hujusmodi
1213 551 1439 623 presumptione
1452 551 1610 621 desistant,
1619 555 1787 626 prudenter
1799 574 1854 614 me-

144 647 394 721 presumpsisset,
411 650 530 717 propter
549 644 628 715 quod
644 641 761 698 vinculo
777 640 831 696 luit
853 652 970 695 sacom—
1025 654 1098 695 neas
1123 644 1153 695 et
1179 638 1337 711 diligenter
1365 639 1488 696 inducas
1512 645 1550 710 et,
1567 641 1593 697 si
1608 657 1735 699 necasse
1760 646 1852 716 luerit,

146 736 355 793 manicationis
370 734 520 802 astrictus,
536 733 605 789 licet
626 731 824 805 postmodum,
841 728 970 801 paenitu-
1026 731 1171 789 oenomao
1184 747 1310 788 censura
1323 731 1494 804 compellas,

56 826 59 831 '
147 825 215 882 dine
242 825 389 893 simulata,
404 823 483 880 sient
511 822 643 879 constitit
661 828 696 878 ex
710 821 866 894 postfacto,
883 816 970 873 luerit
1059 820 1163 877 Datum
1180 820 1381 894 Romffl,apud
1406 823 1545 881 sanetum
1576 823 1850 894 peamm‚,mnp,

145 914 312 981 absolutus,
328 915 424 970 denuo
438 918 536 969 tamen
552 917 582 968 et
594 911 626 967 iu
642 912 759 984 eulpam
775 913 820 966 est
836 907 969 979 relapsus
1024 909 1121 967 Nonas
1136 909 1282 978 ianuarii,
1297 927 1374 966 anno
1391 928 1478 967 nono.

145 1004 279 1061 eamdem
295 1008 325 1059 et
338 1003 368 1058 in
384 1002 540 1075 pristinam
556 1001 732 1058 sententiam
748 995 969 1056 revocatus.Nos
1361 1001 1509 1061 ccxxxl,

144 1091 532 1165 igitur,attendentes,quod
549 1090 704 1163 predictus
717 1089 873 1162 epiecopus
889 1088 969 1140 tante
1268 1107 1403 1148 srmooro
1422 1106 1605 1150 consessura.

144 1182 251 1237 lortius
266 1197 353 1237 nervo
369 1182 457 1237 debet
472 1180 679 1238 aeclesiasticae
706 1178 869 1251 discipline
896 1191 968 1231 non·
1161 1181 1195 1238 vt
1209 1179 1321 1237 emetat
1335 1180 1544 1253 antiepiscopo
1557 1181 1727 1240 Gemmas,

93 1342 95 1347 k
144 1270 260 1343 stringi,
281 1276 390 1343 quanto
418 1270 592 1326 innocentie
621 1269 694 1336 lore,
711 1285 774 1341 quse
789 1267 820 1322 in
835 1265 902 1323 aliis
915 1265 968 1320 de·
1153 1269 1247 1342 (Apud
1263 1273 1291 1323 s.
1309 1269 1438 1337 Petrum,
1454 1270 1545 1326 Nonis
1559 1271 1727 1346 Januarii.)

143 1361 247 1418 buerat
274 1362 431 1429 moderari,
455 1359 656 1417 damnabilius
670 1360 699 1414 tn
716 1375 747 1415 se
762 1360 826 1430 ipso
850 1355 967 1422 laxavit,
1061 1358 1240 1416 Venerabilis
1255 1358 1344 1415 trater
1358 1364 1491 1416 noster...
1506 1359 1694 1419 Gnesnensis
1711 1362 1849 1436 archiepi·

144 1451 328 1507 universitati
342 1456 444 1506 vestre
458 1450 647 1520 mandamus,
663 1455 692 1505 et
707 1447 840 1503 districte
869 1443 968 1516 preci·
1023 1446 1181 1521 scopus‚in
1199 1450 1846 1524 nostroproposuitpresentiaeonstitutus‚

143 1539 253 1611 pimus,
269 1545 417 1612 quatenns
430 1540 605 1596 sententiam
621 1539 729 1610 ipsam,
740 1541 770 1592 et
784 1535 967 1606 illam,qusm
1023 1539 1101 1609 quod
1117 1545 1148 1593 tu
1165 1537 1292 1594 debitam
1307 1538 1333 1593 ei
1349 1537 1546 1595 obedientiam
1566 1540 1711 1598 exhibere
1727 1559 1846 1599 recusas.

144 1627 223 1684 idem
239 1629 478 1702 archiepiscopos
494 1628 524 1683 in
540 1627 696 1684 canonicos
709 1631 738 1682 et
757 1623 831 1680 alios
845 1623 967 1687 clericos
1023 1626 1097 1692 Quia
1125 1625 1216 1698 igitur
1243 1625 1304 1697 pati
1334 1643 1386 1682 nee
1415 1626 1845 1696 volumus,ueodebemus,ul

145 1721 266 1789 propter
278 1734 431 1774 excessum
447 1716 574 1774 similem
583 1715 674 1772 simili
688 1712 800 1770 ultione
812 1711 969 1768 rationabi·
983 1741 1007 1807 Β
1022 1714 1152 1788 dignitas
1165 1715 1300 1786 ejusdem
1315 1715 1527 1789 archiepiscopi
1543 1732 1596 1789 per
1610 1733 1797 1792 quemquam
1810 1725 1846 1777 te·

145 1802 214 1862 liter
233 1806 440 1879 promulgavit,
457 1807 602 1879 usquead
618 1801 967 1861 satisleotionemnoudi·
1023 1820 1102 1859 mere
1129 1804 1291 1871 minuatur,
1316 1804 1490 1861 fraternitati
1520 1811 1577 1862 tue
1607 1824 1663 1879 per
1692 1808 1846 1882 apostolice

144 1909 244 1965 gnan,
260 1898 328 1960 ete,
344 1900 375 1951 et
388 1910 483 1968 cupre
1022 1893 1133 1964 scripta
1148 1895 1344 1959 mandamus·
1359 1899 1448 1966 atque
1476 1895 1680 1967 precipimus,
1709 1903 1846 1970 quatenus

180 1983 286 2039 Datum
318 1983 427 2053 Rome,
444 1985 521 2058 apud
548 1985 690 2041 Sanctum
717 1982 846 2052 Petrum,
863 1986 967 2053 quarto
1021 1982 1216 2040 obedientiam
1232 1987 1262 2040 et
1276 1984 1469 2040 reverentiam
1490 1984 1622 2042 debitam
1637 1988 1664 2043 ei
1681 1986 1846 2061 impendere

144 2070 215 2128 ldue
227 2073 370 2144 ianuarii,
387 2089 464 2130 anuo
479 2090 567 2132 nono.
1022 2088 1080 2128 uon
1094 2076 1267 2144 postpones.

438 2162 572 2221 CCXlllll
589 2163 674 2235 (818).
1059 2161 1166 2217 Datum
1182 2163 1288 2232 Roma,
1302 2163 1380 2235 apud
1395 2163 1532 2219 Sanctum
1545 2164 1680 2233 Petrum,
1696 2166 1790 2224 Nonis
1801 2169 1849 2224 la·

384 2293 439 2309 .....
455 2268 522 2309 oum
536 2266 729 2309 ussaovrsrrsr.
1023 2251 1134 2319 nunrii,
1152 2267 1229 2308 anno
1244 2269 1332 2309 nono.

358 2343 501 2414 decipitur
513 2341 563 2396 sub
576 2341 754 2413 protectione.
1355 2340 1517 2398 (icxllllll.

264 2432 362 2505 (Apud
378 2433 409 2489 S.
424 2431 553 2501 Petrum,
568 2446 591 2487 rr
605 2430 679 2487 Non.
695 2427 849 2500 tannarii.)
1083 2446 1232 2487 unrmnsrs
1249 2448 1388 2488 srrscorrs
1408 2449 1436 2488 ra
1455 2446 1573 2488 rotoma
1592 2449 1794 2493 conminuere.

180 2525 374 2578 sacrosancta
402 2520 534 2577 Romana
564 2518 701 2585 Boebeia,
715 2522 771 2574 sle.
788 2516 969 2591 [lispropten
1176 2521 1383 2577 decucurrisset
1397 2521 1471 2578 dicto
1484 2521 1706 2596 archiepiscopo.

145 2609 251 2666 dilecte
265 2609 295 2665 in
313 2609 435 2666 lromino
451 2609 504 2675 tlli,
519 2608 721 2664 sinceritatem
749 2603 913 2661 devotionis
937 2620 970 2658 ac
1154 2608 1248 2681 (Apud
1265 2614 1294 2664 S.
1313 2610 1440 2677 Petrum,
1457 2610 1550 2667 Nonis
1561 2610 1727 2686 ianuarii.)

143 2693 970 2772 fidei,quamergenosetltornanemlloclesiamhabere
1059 2696 1852 2760 Comoemovostrummereensriosooretributionem

142 2783 968 2862 dignoscerisattendentes,personamtuam,eumducatu
1024 2791 1124 2858 posset
1147 2786 1276 2843 debitam
1293 2789 1448 2860 denegare,
1464 2789 1592 2861 prolecto
1606 2791 1643 2847 ds
1658 2793 1851 2850 retributione

143 2878 376 2945 cracoviensem
386 2877 526 2933 omnibus
540 2876 626 2932 bonis
641 2876 712 2942 tuis,
728 2890 792 2947 qua
803 2874 885 2945 juste
900 2887 968 2945 pos·
1023 2875 1199 2931 venerabilis
1230 2877 1329 2933 fratris
1344 2878 1485 2949 jjnostri...
1499 2878 1684 2937 Gneencnsis
1711 2882 1853 2955 archiepi-

143 2967 223 3025 sides
242 2972 271 3023 et
290 2967 400 3040 quiete,
421 2967 476 3023 sub
504 2965 583 3022 beati
612 2963 688 3020 Petri
716 2968 745 3020 et
772 2968 871 3020 nostra
901 2978 968 3033 pro·
1024 2965 1852 3040 scopi,quinonsolumobrestramquietem,sedetism

141 3058 269 3114 tectione
285 3057 476 3129 suscipimus,
491 3058 520 3110 et
535 3055 687 3127 presentis
711 3053 847 3124 scripti...
865 3055 966 3107 auoto-
1024 3053 1234 3125 obgenerslem
1242 3056 1663 3114 EcclesiarumPoloniensium
1674 3059 1851 3128 libertatem,

141 3146 229 3203 ritate
242 3146 430 3219 presentium
445 3143 610 3201 districtius
624 3141 845 3207 inhibentes,ne
860 3141 966 3213 quiete
1023 3143 1170 3200 tumultis
1188 3145 1386 3203 anxietatibus
1399 3151 1429 3203 et
1444 3146 1581 3219 periculis
1610 3146 1759 3205 laborarit
1786 3150 1851 3206 bac·

144 3236 284 3309 supereis
295 3233 594 3309 presumatindebite
605 3228 971 3302 molestarellulliergo...
1025 3236 1121 3305 tenus,
1136 3240 1166 3292 et
1179 3236 1302 3302 laborat,
1317 3236 1454 3309 religiosa
1477 3252 1528 3292 vos
1552 3238 1692 3293 convenit
1711 3238 1852 3295 sollicitu-

145 3333 250 3382 noslre
265 3324 458 3398 protectionis
468 3327 496 3380 et
504 3321 700 3392 inhibitionis,
712 3325 768 3378 eto.
779 3319 808 3376 si
819 3321 898 3392 quis,
914 3325 968 3377 etc.
1024 3323 1094 3379 dine
1109 3325 1243 3397 cogitare.
1261 3324 1333 3381 lline
1349 3330 1394 3381 est
1417 3325 1518 3397 igitur,
1533 3326 1611 3396 quod
1630 3326 1850 3384 universitatem

146 3419 250 3473 Datum
277 3415 385 3482 Rome,
410 3414 489 3486 apud
518 3413 657 3468 Sanctum
686 3414 815 3480 Petrum,
839 3411 970 3466 secundo
1024 3419 1148 3469 vestram
1164 3429 1319 3471 monemus
1332 3414 1484 3483 attentius,
1496 3419 1525 3469 st
1541 3414 1706 3483 hortamur,
1717 3433 1773 3489 per
1787 3434 1851 3490 apo·

147 3505 245 3565 Nonas
259 3502 400 3572 ianuarii,
416 3503 608 3570 senonens]
1024 3500 1128 3558 stolioa
1143 3504 1253 3577 scripta
1268 3503 1462 3575 precipiendo
1487 3503 1676 3573 mandantes,
1693 3512 1848 3577 quatenus,

448 3589 566 3648 CCXXX
580 3590 666 3660 (810).
1023 3592 1219 3660 attendentes,
1235 3592 1314 3665 quod
1330 3592 1360 3648 in
1384 3591 1498 3660 exsilio,
1515 3593 1594 3664 quod
1619 3610 1673 3664 pro
1698 3597 1849 3652 commoni

324 3725 379 3740 .....
399 3696 619 3739 incerarrsmro
638 3696 788 3736 nrnmnsr.
1022 3680 1218 3737 Ilcelesiarum
1233 3685 1397 3738 vestrarum
1413 3681 1549 3737 libertate
1563 3681 1687 3752 subivit,
1705 3684 1848 3758 multipli-

261 3774 294 3832 Ur
308 3771 394 3829 laicos
404 3772 552 3844 spoliantes
566 3771 678 3826 clericos
691 3773 852 3842 commanet.
1020 3769 1104 3826 cibus
1119 3774 1162 3826 est
1176 3774 1313 3842 gravatus
1342 3769 1488 3842 expensis,
1505 3786 1580 3842 quas
1604 3770 1710 3843 utique
1733 3789 1795 3831 non
1817 3790 1849 3829 ex

249 3862 346 3936 (Apud
361 3863 391 3918 S.
408 3865 539 3925 Petrum,
552 3878 573 3916 ιι
587 3860 685 3916 Nonas
699 3859 857 3931 ianuarii.)
1019 3857 1154 3914 Ecclesia
1179 3861 1301 3932 proprie
1324 3859 1524 3926 lectualibus,
1542 3860 1592 3916 sed
1607 3878 1641 3917 cx
1655 3863 1847 3933 patrimonia·

174 3955 252 4008 luter
267 3956 387 4008 ceteros
402 3949 604 4006 molestiarum
625 3964 760 4021 angores,
776 3965 849 4021 quas
864 3949 893 4003 in
907 3952 962 4005 Po·
1018 3946 1096 4003 libus
1111 3947 1206 4018 honis,
1224 3953 1385 4021 mutuoque
1400 3948 1750 4020 susceptis,dignoeeitur
1762 3957 1847 4025 persc-

137 4041 223 4099 lonie
239 4041 374 4114 pertibus
388 4040 497 4098 Christi
521 4038 630 4095 dieitur
651 4037 780 4095 Ecclesia
804 4038 961 4109 sustinere,
1016 4037 1086 4093 cisae
1099 4038 1185 4112 (850),
1202 4040 1238 4096 ob
1255 4038 1448 4097 reverentiam
1471 4037 1636 4111 apostolice
1651 4041 1734 4097 sedis
1750 4047 1779 4098 et
1796 4060 1846 4098 no·

136 4130 269 4204 plerique
281 4128 347 4185 laici
365 4128 442 4184 viros
455 4125 670 4185 ecclesiasticos
685 4124 844 4181 mobilibus
862 4131 891 4181 ct
905 4125 961 4181 im·
1016 4128 1223 4194 stram,taliter
1236 4130 1263 4185 ei
1277 4129 1435 4186 subvenire
1450 4128 1614 4200 procuretis
1628 4128 1659 4183 in
1676 4129 1842 4203 ipsis‚quod

135 4220 295 4277 mobilibus
306 4219 405 4285 rebus,
417 4233 481 4290 que
496 4216 576 4288 ipsos
592 4214 836 4288 patrimoniorum
848 4214 961 4272 ratione
1014 4215 1044 4271 in
1060 4218 1229 4287 certamine,
1242 4219 1320 4290 quod
1335 4217 1455 4274 certavit
1466 4235 1499 4274 ae
1513 4221 1616 4287 certet,
1626 4217 1737 4275 restris
1752 4221 1845 4293 possit

135 4309 320 4382 contingunt,
332 4306 530 4382 pretermisso
542 4305 621 4378 juris
636 4305 808 4371 ordinemus
824 4308 961 4361 metuunt
1014 4309 1043 4361 et
1058 4305 1185 4362 militare
1201 4307 1343 4364 subsidiis
1357 4312 1386 4364 et
1402 4307 1517 4363 meritis
1531 4306 1728 4380 triumphare.

135 4399 270 4472 spoliare.
286 4397 360 4463 Quis
374 4397 464 4469 igitur
478 4396 508 4452 in
524 4395 697 4452 clericorum
717 4395 958 4469 oppressionibus
1048 4396 1154 4453 Datum
1170 4401 1278 4468 Rome,
1296 4398 1373 4470 opud
1389 4398 1529 4454 Sanctum
1545 4400 1677 4467 Petrum,
1694 4397 1843 4457 Nonis-la·

132 4486 276 4545 laieorum
306 4494 351 4545 est
374 4487 541 4544 insolentie
556 4484 767 4552 resistendum,
784 4483 957 4541 fraternitati
972 4486 999 4554 l)
1013 4485 1121 4556 suerii,
1136 4504 1214 4543 anno
1228 4503 1315 4544 nono.

130 4585 187 4632 tue
203 4593 255 4649 per
279 4577 440 4648 apostoliea
469 4575 581 4646 scripta
608 4574 795 4642 mandamus,
811 4578 957 4645 quatenus
1338 4575 1511 4632 CCXXXlll.

128 4664 301 4736 hujusmodi
334 4669 573 4737 presumptores,
602 4661 764 4719 monitione
792 4663 955 4734 premissa,
1164 4682 1303 4722 csrrroro
1323 4682 1516 4722 mumcrsusrs
1534 4680 1686 4721 scotasse.

128 4753 245 4810 sublato
260 4753 469 4825 appellationis
492 4750 658 4819 obstaculo,
675 4767 727 4823 per
739 4750 954 4808 districtionem
1011 4755 1215 4826 conplerentur
1231 4758 1455 4828 perseuerasset
1470 4755 1541 4811 bonu
1555 4762 1638 4824 prosu
1647 4756 1727 4827 juste
1737 4762 1840 4814 terrent.

127 4839 954 4914 ecelesiasticamasnstemeritatecompescasPreterea,
1125 4846 1220 4917 (apud
1236 4846 1262 4900 S.
1281 4845 1411 4913 Petrum,
1422 4861 1462 4900 vn
1478 4845 1547 4901 ldus
1561 4842 1721 4917 ianuarii.)

127 4950 195 4990 eum
212 4932 339 5007 populus
353 4930 578 5006 gentiumlioet
592 4929 622 4985 in
638 4929 768 4986 tenebris
779 4930 954 5000 ambularet,
1044 4934 1123 4991 Solet
1154 4950 1294 5003 annuere,
1320 4938 1388 5004 etc,
1416 4951 1502 5007 enque
1529 4948 1668 4990 assensu.
1697 4938 1841 4993 Sanctus-

127 5024 294 5080 saoerdotes
309 5038 379 5079 suos
393 5027 424 5078 et
436 5020 541 5077 levitas
554 5019 585 5076 ia
600 5023 716 5077 tantum
731 5019 847 5077 duxerlt
862 5020 954 5077 hono·
1009 5023 1069 5080 rios
1080 5024 1166 5097 (851),
1177 5040 1244 5081 cum
1255 5024 1333 5082 villis
1344 5040 1458 5093 eorum,
1470 5023 1736 5097 quosvenerabilis
1752 5026 1841 5082 irater

125 5113 245 5182 randos,
255 5116 287 5168 ut
295 5112 419 5181 Pharao,
430 5108 728 5183 rexAEgypti,ceterls
739 5107 871 5165 servituti
880 5110 952 5167 sub·
1009 5117 1142 5170 noster...
1158 5114 1336 5170 Gnesnensis
1366 5113 1616 5186 archiepiscopus,
1632 5113 1670 5169 de
1687 5130 1837 5172 consensu

126 5200 211 5269 actis,
221 5218 270 5258 eos
282 5218 340 5257 non
351 5199 448 5257 solum
458 5199 489 5256 in
501 5199 792 5272 pristinueerrasarit
808 5199 951 5271 libertate,
1007 5203 1151 5260 blascouis
1164 5209 1193 5259 et
1208 5202 1326 5260 Corrsdi
1341 5205 1461 5272 ducum,
1477 5219 1746 5277 canonrcornmque
1763 5222 1837 5262 suo-

124 5289 275 5346 sedetiam
292 5287 718 5361 alimoniamipsisdepublice
730 5287 950 5346 ministraveritt
1007 5310 1085 5362 rum,
1111 5293 1240 5350 ecclesias
1264 5298 1367 5351 vestre
1394 5293 1514 5366 provida
1540 5291 1645 5364 pietate
1676 5294 1835 5364 concessit,

160 5450 236 5523 (stet
251 5450 409 5521 llpistolem
426 5451 502 5507 hanc
527 5449 644 5509 exhibet
659 5448 834 5523 heynuldus,
848 5452 884 5508 ed
897 5469 949 5509 sn·
1042 5455 1116 5528 (850)
1130 5456 1224 5521 Forte,
1240 5455 1397 5526 pertulisse.

124 5539 197 5579 num
214 5524 294 5591 1207,
310 5525 323 5592 5
337 5524 379 5578 ll.
1042 5528 1117 5600 (851)
1130 5528 1318 5596 sanctuarios,
1336 5528 1364 5582 id
1380 5531 1424 5583 est
1437 5528 1562 5584 homines
1582 5525 1773 5585 coelaturam
1788 5528 1836 5586 Te·

161 5595 235 5668 (ets)
249 5596 323 5652 Vide
337 5593 532 5666 Rupnaldum,
548 5596 584 5652 ad
598 5610 709 5652 annum
725 5594 805 5666 1207,
821 5596 893 5664 512.
1005 5603 1109 5656 aceles.
1127 5598 1198 5655 Vide
1213 5598 1300 5657 Caso.
1316 5598 1434 5656 Glossor.
1451 5603 1522 5655 tom.
1537 5596 1586 5670 VI,
1602 5596 1659 5656 coi.
1675 5596 1739 5656 121.
