<?xml version="1.0" encoding="UTF-8"?>
<!DOCTYPE html PUBLIC "-//W3C//DTD XHTML 1.0 Transitional//EN"
    "http://www.w3.org/TR/xhtml1/DTD/xhtml1-transitional.dtd">
<html xmlns="http://www.w3.org/1999/xhtml" xml:lang="en" lang="en">
 <head>
  <title>
</title>
<meta http-equiv="Content-Type" content="text/html;charset=utf-8" />
  <meta name='ocr-system' content='tesseract 3.04.00' />
  <meta name='ocr-capabilities' content='ocr_page ocr_carea ocr_par ocr_line ocrx_word'/>
</head>
<body>
  <div class='ocr_page' id='page_1' title='image "./patrologiaecurs41unkngoog/patrologiaecurs41unkngoog_0751.png"; bbox 0 0 3780 6000; ppageno 0'>
   <div class='ocr_carea' id='block_1_1' title="bbox 123 173 1826 247">
    <p class='ocr_par' dir='ltr' id='par_1_1' title="bbox 123 173 1826 247">
     <span class='ocr_line' id='line_1_1' title="bbox 123 173 1826 247; baseline -0.008 0"><span class='ocrx_word' id='word_1_1' title='bbox 123 188 191 247; x_wconf 79' lang='lat' dir='ltr'><strong>lter</strong></span> <span class='ocrx_word' id='word_1_2' title='bbox 594 176 805 242; x_wconf 81' lang='lat' dir='ltr'><strong>rauoc&#39;snrn</strong></span> <span class='ocrx_word' id='word_1_3' title='bbox 824 184 864 241; x_wconf 92' lang='grc' dir='ltr'><strong>ιιι</strong></span> <span class='ocrx_word' id='word_1_4' title='bbox 883 185 936 239; x_wconf 79' lang='grc' dir='ltr'><strong>ιι.</strong></span> <span class='ocrx_word' id='word_1_5' title='bbox 956 182 1201 240; x_wconf 81' lang='lat' dir='ltr'><strong>ascssmnuu</strong></span> <span class='ocrx_word' id='word_1_6' title='bbox 1219 173 1286 238; x_wconf 79' lang='lat' dir='ltr'><strong>tm.</strong></span> <span class='ocrx_word' id='word_1_7' title='bbox 1305 176 1355 239; x_wconf 84' lang='grc' dir='ltr'>ιιι.</span> <span class='ocrx_word' id='word_1_8' title='bbox 1506 214 1516 227; x_wconf 91' lang='grc'><strong>-.</strong></span> <span class='ocrx_word' id='word_1_9' title='bbox 1787 177 1826 233; x_wconf 82' lang='lat' dir='ltr'><strong>ue</strong></span> 
     </span>
    </p>
   </div>
   <div class='ocr_carea' id='block_1_2' title="bbox 449 302 1826 378">
    <p class='ocr_par' dir='ltr' id='par_1_2' title="bbox 449 302 1826 378">
     <span class='ocr_line' id='line_1_2' title="bbox 449 302 1826 378; baseline -0.004 -10"><span class='ocrx_word' id='word_1_10' title='bbox 449 310 621 369; x_wconf 77' lang='lat' dir='ltr'><strong>ccxxvul.</strong></span> <span class='ocrx_word' id='word_1_11' title='bbox 960 308 988 377; x_wconf 77' lang='grc' dir='ltr'><strong>Α</strong></span> <span class='ocrx_word' id='word_1_12' title='bbox 1003 307 1033 364; x_wconf 92' lang='lat' dir='ltr'><strong>ln</strong></span> <span class='ocrx_word' id='word_1_13' title='bbox 1047 308 1169 364; x_wconf 90' lang='lat' dir='ltr'><strong>domum</strong></span> <span class='ocrx_word' id='word_1_14' title='bbox 1183 322 1268 364; x_wconf 82' lang='lat' dir='ltr'><strong>suam</strong></span> <span class='ocrx_word' id='word_1_15' title='bbox 1278 306 1369 363; x_wconf 80' lang='lat' dir='ltr'><strong>uaris</strong></span> <span class='ocrx_word' id='word_1_16' title='bbox 1379 305 1553 378; x_wconf 75' lang='lat' dir='ltr'><strong>excepisse,</strong></span> <span class='ocrx_word' id='word_1_17' title='bbox 1565 302 1628 360; x_wconf 87' lang='lat' dir='ltr'><strong>sed</strong></span> <span class='ocrx_word' id='word_1_18' title='bbox 1641 302 1826 373; x_wconf 65' lang='lat' dir='ltr'><strong>discribentis</strong></span> 
     </span>
    </p>
   </div>
   <div class='ocr_carea' id='block_1_3' title="bbox 173 393 1828 559">
    <p class='ocr_par' dir='ltr' id='par_1_3' title="bbox 173 393 1828 559">
     <span class='ocr_line' id='line_1_3' title="bbox 173 393 1827 478; baseline -0.014 -8"><span class='ocrx_word' id='word_1_19' title='bbox 173 422 653 478; x_wconf 77' lang='lat' dir='ltr'><strong>rsaaaccssssr,naaeaaaus1,m</strong></span> <span class='ocrx_word' id='word_1_20' title='bbox 667 420 905 465; x_wconf 77' lang='lat' dir='ltr'><strong>courosrsnmuo</strong></span> <span class='ocrx_word' id='word_1_21' title='bbox 1004 398 1135 469; x_wconf 75' lang='lat' dir='ltr'><strong>quandiu</strong></span> <span class='ocrx_word' id='word_1_22' title='bbox 1149 401 1234 470; x_wconf 84' lang='lat' dir='ltr'><strong>putet</strong></span> <span class='ocrx_word' id='word_1_23' title='bbox 1247 397 1403 469; x_wconf 85' lang='lat' dir='ltr'><strong>epiecopus</strong></span> <span class='ocrx_word' id='word_1_24' title='bbox 1427 410 1569 469; x_wconf 71' lang='lat' dir='ltr'><strong>praesse</strong></span> <span class='ocrx_word' id='word_1_25' title='bbox 1595 393 1722 467; x_wconf 89' lang='lat' dir='ltr'><strong>pariter</strong></span> <span class='ocrx_word' id='word_1_26' title='bbox 1744 398 1771 450; x_wconf 89' lang='lat' dir='ltr'><strong>et</strong></span> <span class='ocrx_word' id='word_1_27' title='bbox 1789 411 1827 467; x_wconf 76' lang='lat' dir='ltr'><strong>prs</strong></span> 
     </span>
     <span class='ocr_line' id='line_1_4' title="bbox 414 481 1828 559; baseline -0.005 -11"><span class='ocrx_word' id='word_1_28' title='bbox 414 515 655 559; x_wconf 61' lang='lat' dir='ltr'><strong>mmmmm,</strong></span> <span class='ocrx_word' id='word_1_29' title='bbox 1003 485 1097 552; x_wconf 84' lang='lat' dir='ltr'><strong>desse,</strong></span> <span class='ocrx_word' id='word_1_30' title='bbox 1111 500 1168 541; x_wconf 90' lang='lat' dir='ltr'><strong>non</strong></span> <span class='ocrx_word' id='word_1_31' title='bbox 1184 484 1270 541; x_wconf 84' lang='lat' dir='ltr'><strong>debet</strong></span> <span class='ocrx_word' id='word_1_32' title='bbox 1285 483 1405 541; x_wconf 89' lang='lat' dir='ltr'><strong>cedendi</strong></span> <span class='ocrx_word' id='word_1_33' title='bbox 1431 482 1604 558; x_wconf 88' lang='lat' dir='ltr'><strong>postulare</strong></span> <span class='ocrx_word' id='word_1_34' title='bbox 1632 481 1785 540; x_wconf 81' lang='lat' dir='ltr'><strong>licentiam</strong></span> <span class='ocrx_word' id='word_1_35' title='bbox 1800 500 1828 541; x_wconf 82' lang='lat' dir='ltr'><strong>aa</strong></span> 
     </span>
    </p>
   </div>
   <div class='ocr_carea' id='block_1_4' title="bbox 123 572 1833 1649">
    <p class='ocr_par' dir='ltr' id='par_1_4' title="bbox 123 572 1830 748">
     <span class='ocr_line' id='line_1_5' title="bbox 123 572 1828 720; baseline -0.009 -38"><span class='ocrx_word' id='word_1_36' title='bbox 123 620 182 682; x_wconf 74' lang='lat' dir='ltr'><strong>Non</strong></span> <span class='ocrx_word' id='word_1_37' title='bbox 199 612 284 679; x_wconf 78' lang='lat' dir='ltr'><strong>licere</strong></span> <span class='ocrx_word' id='word_1_38' title='bbox 296 616 432 694; x_wconf 74' lang='lat' dir='ltr'><strong>fratribus</strong></span> <span class='ocrx_word' id='word_1_39' title='bbox 446 618 474 674; x_wconf 84' lang='lat' dir='ltr'><strong>S.</strong></span> <span class='ocrx_word' id='word_1_40' title='bbox 489 617 606 675; x_wconf 74' lang='lat' dir='ltr'><strong>Iocaste</strong></span> <span class='ocrx_word' id='word_1_41' title='bbox 621 612 809 688; x_wconf 65' lang='lat' dir='ltr'><strong>Hierusalem.</strong></span> <span class='ocrx_word' id='word_1_42' title='bbox 826 612 951 673; x_wconf 84' lang='lat' dir='ltr'><strong>transire</strong></span> <span class='ocrx_word' id='word_1_43' title='bbox 1004 579 1093 720; x_wconf 48' lang='lat'><strong>{3⁸³¹</strong></span> <span class='ocrx_word' id='word_1_44' title='bbox 1108 574 1253 675; x_wconf 45' lang='lat' dir='ltr'><strong>mm·</strong></span> <span class='ocrx_word' id='word_1_45' title='bbox 1269 574 1346 676; x_wconf 57' lang='grc' dir='ltr'><strong>ΒΨ</strong></span> <span class='ocrx_word' id='word_1_46' title='bbox 1360 573 1456 631; x_wconf 56' lang='lat'><strong>‘&#39;¹¹⁰⁰‘&#39;</strong></span> <span class='ocrx_word' id='word_1_47' title='bbox 1470 572 1676 677; x_wconf 61' lang='lat' dir='ltr'><strong>⁰¹¹¹‚mm&#39;</strong></span> <span class='ocrx_word' id='word_1_48' title='bbox 1701 573 1828 677; x_wconf 37' lang='lat'><strong>⁸⁰⁹⁹&amp;</strong></span> 
     </span>
     <span class='ocr_line' id='line_1_6' title="bbox 409 662 1830 748; baseline 0.001 -28"><span class='ocrx_word' id='word_1_49' title='bbox 409 689 448 747; x_wconf 61' lang='lat' dir='ltr'><strong>ad</strong></span> <span class='ocrx_word' id='word_1_50' title='bbox 463 689 661 748; x_wconf 56' lang='lat' dir='ltr'><strong>mmm</strong></span> <span class='ocrx_word' id='word_1_51' title='bbox 1041 662 1263 738; x_wconf 74' lang='lat' dir='ltr'><strong>erosolymrteni</strong></span> <span class='ocrx_word' id='word_1_52' title='bbox 1290 663 1481 738; x_wconf 79' lang='lat' dir='ltr'><strong>inpartibus</strong></span> <span class='ocrx_word' id='word_1_53' title='bbox 1508 662 1684 737; x_wconf 76' lang='lat' dir='ltr'><strong>Hispanias</strong></span> <span class='ocrx_word' id='word_1_54' title='bbox 1709 667 1830 721; x_wconf 80' lang='lat' dir='ltr'><strong>constitut</strong></span> 
     </span>
    </p>

    <p class='ocr_par' dir='ltr' id='par_1_5' title="bbox 126 752 1833 1649">
     <span class='ocr_line' id='line_1_7' title="bbox 1005 752 1830 826; baseline 0.001 -17"><span class='ocrx_word' id='word_1_55' title='bbox 1005 752 1086 826; x_wconf 78' lang='lat' dir='ltr'><strong>gravi</strong></span> <span class='ocrx_word' id='word_1_56' title='bbox 1096 753 1182 810; x_wconf 90' lang='lat' dir='ltr'><strong>nobis</strong></span> <span class='ocrx_word' id='word_1_57' title='bbox 1193 752 1402 826; x_wconf 88' lang='lat' dir='ltr'><strong>conquestione</strong></span> <span class='ocrx_word' id='word_1_58' title='bbox 1412 753 1830 826; x_wconf 80' lang='lat' dir='ltr'><strong>monstraruntquodquida:</strong></span> 
     </span>
     <span class='ocr_line' id='line_1_8' title="bbox 1006 843 1831 917; baseline -0.001 -17"><span class='ocrx_word' id='word_1_59' title='bbox 1006 844 1112 901; x_wconf 85' lang='lat' dir='ltr'><strong>iratres</strong></span> <span class='ocrx_word' id='word_1_60' title='bbox 1125 859 1237 909; x_wconf 88' lang='lat' dir='ltr'><strong>eorum,</strong></span> <span class='ocrx_word' id='word_1_61' title='bbox 1252 843 1303 917; x_wconf 90' lang='lat' dir='ltr'><strong>qui</strong></span> <span class='ocrx_word' id='word_1_62' title='bbox 1317 843 1630 901; x_wconf 74' lang='lat' dir='ltr'><strong>administrationem</strong></span> <span class='ocrx_word' id='word_1_63' title='bbox 1645 846 1679 900; x_wconf 89' lang='lat' dir='ltr'><strong>ot</strong></span> <span class='ocrx_word' id='word_1_64' title='bbox 1704 845 1831 917; x_wconf 77' lang='lat' dir='ltr'><strong>magistra·</strong></span> 
     </span>
     <span class='ocr_line' id='line_1_9' title="bbox 161 931 1832 1021; baseline -0.008 -18"><span class='ocrx_word' id='word_1_65' title='bbox 161 947 217 1021; x_wconf 78' lang='grc'><strong>(96)</strong></span> <span class='ocrx_word' id='word_1_66' title='bbox 229 945 308 1002; x_wconf 88' lang='lat' dir='ltr'><strong>Licet</strong></span> <span class='ocrx_word' id='word_1_67' title='bbox 318 944 498 1018; x_wconf 89' lang='lat' dir='ltr'><strong>quibusdam</strong></span> <span class='ocrx_word' id='word_1_68' title='bbox 510 940 663 999; x_wconf 90' lang='lat' dir='ltr'><strong>monacbis</strong></span> <span class='ocrx_word' id='word_1_69' title='bbox 674 944 704 996; x_wconf 89' lang='lat' dir='ltr'><strong>et</strong></span> <span class='ocrx_word' id='word_1_70' title='bbox 718 938 868 996; x_wconf 88' lang='lat' dir='ltr'><strong>canonicis</strong></span> <span class='ocrx_word' id='word_1_71' title='bbox 884 951 951 994; x_wconf 86' lang='lat' dir='ltr'><strong>nec·</strong></span> <span class='ocrx_word' id='word_1_72' title='bbox 1007 940 1072 991; x_wconf 91' lang='lat' dir='ltr'><strong>tum</strong></span> <span class='ocrx_word' id='word_1_73' title='bbox 1086 933 1250 990; x_wconf 86' lang='lat' dir='ltr'><strong>babuerunt</strong></span> <span class='ocrx_word' id='word_1_74' title='bbox 1264 933 1293 989; x_wconf 91' lang='lat' dir='ltr'><strong>in</strong></span> <span class='ocrx_word' id='word_1_75' title='bbox 1309 933 1446 989; x_wconf 83' lang='lat' dir='ltr'>domibus</span> <span class='ocrx_word' id='word_1_76' title='bbox 1461 931 1662 1004; x_wconf 73' lang='lat' dir='ltr'><strong>Hospitalis,</strong></span> <span class='ocrx_word' id='word_1_77' title='bbox 1676 936 1706 989; x_wconf 83' lang='lat' dir='ltr'><strong>et</strong></span> <span class='ocrx_word' id='word_1_78' title='bbox 1721 933 1769 990; x_wconf 86' lang='lat' dir='ltr'><strong>aiii</strong></span> <span class='ocrx_word' id='word_1_79' title='bbox 1781 936 1832 1006; x_wconf 74' lang='lat' dir='ltr'><strong>ajcc</strong></span> 
     </span>
     <span class='ocr_line' id='line_1_10' title="bbox 126 1022 1832 1109; baseline -0.008 -14"><span class='ocrx_word' id='word_1_80' title='bbox 126 1053 185 1095; x_wconf 89' lang='lat' dir='ltr'><strong>nou</strong></span> <span class='ocrx_word' id='word_1_81' title='bbox 201 1034 406 1109; x_wconf 86' lang='lat' dir='ltr'><strong>Hospitaiariia</strong></span> <span class='ocrx_word' id='word_1_82' title='bbox 422 1038 450 1090; x_wconf 92' lang='lat' dir='ltr'><strong>et</strong></span> <span class='ocrx_word' id='word_1_83' title='bbox 465 1029 674 1105; x_wconf 81' lang='lat' dir='ltr'><strong>Templariisa</strong></span> <span class='ocrx_word' id='word_1_84' title='bbox 698 1030 767 1088; x_wconf 87' lang='lat' dir='ltr'><strong>sede</strong></span> <span class='ocrx_word' id='word_1_85' title='bbox 791 1027 953 1102; x_wconf 89' lang='lat' dir='ltr'><strong>apostolica</strong></span> <span class='ocrx_word' id='word_1_86' title='bbox 1006 1025 1073 1080; x_wconf 90' lang='lat' dir='ltr'><strong>dem</strong></span> <span class='ocrx_word' id='word_1_87' title='bbox 1089 1023 1214 1094; x_wconf 75' lang='lat' dir='ltr'><strong>ordinis,</strong></span> <span class='ocrx_word' id='word_1_88' title='bbox 1230 1038 1297 1079; x_wconf 91' lang='lat' dir='ltr'><strong>cum</strong></span> <span class='ocrx_word' id='word_1_89' title='bbox 1313 1022 1485 1080; x_wconf 89' lang='lat' dir='ltr'><strong>mandatum</strong></span> <span class='ocrx_word' id='word_1_90' title='bbox 1507 1023 1648 1096; x_wconf 87' lang='lat' dir='ltr'><strong>aliquod</strong></span> <span class='ocrx_word' id='word_1_91' title='bbox 1674 1023 1832 1099; x_wconf 88' lang='lat' dir='ltr'><strong>reeipiuuta</strong></span> 
     </span>
     <span class='ocr_line' id='line_1_11' title="bbox 127 1111 1830 1198; baseline -0.008 -14"><span class='ocrx_word' id='word_1_92' title='bbox 127 1127 168 1185; x_wconf 92' lang='lat' dir='ltr'><strong>sit</strong></span> <span class='ocrx_word' id='word_1_93' title='bbox 181 1126 329 1183; x_wconf 90' lang='lat' dir='ltr'><strong>indultum</strong></span> <span class='ocrx_word' id='word_1_94' title='bbox 344 1141 381 1181; x_wconf 95' lang='lat' dir='ltr'><strong>ne</strong></span> <span class='ocrx_word' id='word_1_95' title='bbox 396 1127 552 1198; x_wconf 87' lang='lat' dir='ltr'><strong>postquam</strong></span> <span class='ocrx_word' id='word_1_96' title='bbox 568 1120 676 1194; x_wconf 88' lang='lat' dir='ltr'><strong>aliquis</strong></span> <span class='ocrx_word' id='word_1_97' title='bbox 692 1120 843 1193; x_wconf 74' lang='lat' dir='ltr'><strong>professus</strong></span> <span class='ocrx_word' id='word_1_98' title='bbox 865 1117 953 1174; x_wconf 85' lang='lat' dir='ltr'><strong>luerit</strong></span> <span class='ocrx_word' id='word_1_99' title='bbox 1009 1112 1159 1187; x_wconf 76' lang='lat' dir='ltr'><strong>magistris</strong></span> <span class='ocrx_word' id='word_1_100' title='bbox 1174 1113 1253 1185; x_wconf 85' lang='lat' dir='ltr'><strong>quod</strong></span> <span class='ocrx_word' id='word_1_101' title='bbox 1270 1111 1328 1169; x_wconf 90' lang='lat' dir='ltr'><strong>sibi</strong></span> <span class='ocrx_word' id='word_1_102' title='bbox 1343 1128 1401 1168; x_wconf 92' lang='lat' dir='ltr'><strong>non</strong></span> <span class='ocrx_word' id='word_1_103' title='bbox 1415 1111 1537 1185; x_wconf 88' lang='lat' dir='ltr'><strong>placeat</strong></span> <span class='ocrx_word' id='word_1_104' title='bbox 1550 1118 1611 1169; x_wconf 89' lang='lat' dir='ltr'><strong>aut</strong></span> <span class='ocrx_word' id='word_1_105' title='bbox 1633 1113 1750 1169; x_wconf 86' lang='lat' dir='ltr'><strong>durum</strong></span> <span class='ocrx_word' id='word_1_106' title='bbox 1769 1114 1830 1171; x_wconf 77' lang='lat' dir='ltr'><strong>etia:</strong></span> 
     </span>
     <span class='ocr_line' id='line_1_12' title="bbox 130 1200 1830 1292; baseline -0.006 -17"><span class='ocrx_word' id='word_1_107' title='bbox 130 1217 208 1292; x_wconf 88' lang='lat' dir='ltr'><strong>apud</strong></span> <span class='ocrx_word' id='word_1_108' title='bbox 219 1216 320 1288; x_wconf 90' lang='lat' dir='ltr'><strong>eos,ad</strong></span> <span class='ocrx_word' id='word_1_109' title='bbox 332 1214 423 1272; x_wconf 90' lang='lat' dir='ltr'><strong>alium</strong></span> <span class='ocrx_word' id='word_1_110' title='bbox 436 1212 533 1269; x_wconf 91' lang='lat' dir='ltr'><strong>locum</strong></span> <span class='ocrx_word' id='word_1_111' title='bbox 545 1210 640 1284; x_wconf 90' lang='lat' dir='ltr'><strong>possit</strong></span> <span class='ocrx_word' id='word_1_112' title='bbox 649 1209 723 1283; x_wconf 91' lang='lat' dir='ltr'><strong>ipsis</strong></span> <span class='ocrx_word' id='word_1_113' title='bbox 734 1208 834 1265; x_wconf 82' lang='lat' dir='ltr'><strong>inuitis</strong></span> <span class='ocrx_word' id='word_1_114' title='bbox 849 1208 954 1265; x_wconf 90' lang='lat' dir='ltr'><strong>arctio·</strong></span> <span class='ocrx_word' id='word_1_115' title='bbox 1007 1201 1149 1271; x_wconf 76' lang='lat' dir='ltr'><strong>videatur,</strong></span> <span class='ocrx_word' id='word_1_116' title='bbox 1159 1216 1191 1258; x_wconf 74' lang='lat' dir='ltr'><strong>te</strong></span> <span class='ocrx_word' id='word_1_117' title='bbox 1203 1201 1238 1258; x_wconf 75' lang='lat' dir='ltr'><strong>td</strong></span> <span class='ocrx_word' id='word_1_118' title='bbox 1254 1201 1387 1258; x_wconf 70' lang='lat' dir='ltr'><strong>ordinem</strong></span> <span class='ocrx_word' id='word_1_119' title='bbox 1399 1200 1647 1259; x_wconf 71' lang='lat' dir='ltr'><strong>Gisieroicuaem</strong></span> <span class='ocrx_word' id='word_1_120' title='bbox 1664 1204 1830 1263; x_wconf 75' lang='lat' dir='ltr'><strong>transierunt</strong></span> 
     </span>
     <span class='ocr_line' id='line_1_13' title="bbox 127 1289 1833 1378; baseline -0.01 -14"><span class='ocrx_word' id='word_1_121' title='bbox 127 1307 169 1364; x_wconf 90' lang='lat' dir='ltr'><strong>ris</strong></span> <span class='ocrx_word' id='word_1_122' title='bbox 183 1305 272 1364; x_wconf 90' lang='lat' dir='ltr'><strong>etiam</strong></span> <span class='ocrx_word' id='word_1_123' title='bbox 287 1304 440 1378; x_wconf 81' lang='lat' dir='ltr'><strong>roligionis</strong></span> <span class='ocrx_word' id='word_1_124' title='bbox 455 1302 576 1359; x_wconf 91' lang='lat' dir='ltr'><strong>obtentu</strong></span> <span class='ocrx_word' id='word_1_125' title='bbox 591 1302 728 1369; x_wconf 87' lang='lat' dir='ltr'><strong>transire,</strong></span> <span class='ocrx_word' id='word_1_126' title='bbox 746 1303 779 1356; x_wconf 92' lang='lat' dir='ltr'><strong>nt</strong></span> <span class='ocrx_word' id='word_1_127' title='bbox 793 1297 954 1370; x_wconf 86' lang='lat' dir='ltr'><strong>unusquis·</strong></span> <span class='ocrx_word' id='word_1_128' title='bbox 1009 1295 1038 1348; x_wconf 88' lang='lat' dir='ltr'><strong>at</strong></span> <span class='ocrx_word' id='word_1_129' title='bbox 1049 1291 1091 1348; x_wconf 87' lang='lat' dir='ltr'><strong>sie</strong></span> <span class='ocrx_word' id='word_1_130' title='bbox 1101 1292 1207 1348; x_wconf 91' lang='lat' dir='ltr'><strong>domus</strong></span> <span class='ocrx_word' id='word_1_131' title='bbox 1223 1289 1384 1363; x_wconf 90' lang='lat' dir='ltr'><strong>Hospitalis</strong></span> <span class='ocrx_word' id='word_1_132' title='bbox 1392 1290 1477 1347; x_wconf 92' lang='lat' dir='ltr'><strong>bouis</strong></span> <span class='ocrx_word' id='word_1_133' title='bbox 1489 1290 1560 1347; x_wconf 88' lang='lat' dir='ltr'><strong>suls</strong></span> <span class='ocrx_word' id='word_1_134' title='bbox 1573 1290 1746 1349; x_wconf 89' lang='lat' dir='ltr'><strong>multoties</strong></span> <span class='ocrx_word' id='word_1_135' title='bbox 1754 1294 1833 1366; x_wconf 79' lang='lat' dir='ltr'><strong>spotia·</strong></span> 
     </span>
     <span class='ocr_line' id='line_1_14' title="bbox 127 1380 1832 1470; baseline -0.004 -17"><span class='ocrx_word' id='word_1_136' title='bbox 127 1394 357 1470; x_wconf 85' lang='lat' dir='ltr'><strong>quesecundum</strong></span> <span class='ocrx_word' id='word_1_137' title='bbox 365 1391 537 1467; x_wconf 82' lang='lat' dir='ltr'><strong>Apostolum</strong></span> <span class='ocrx_word' id='word_1_138' title='bbox 546 1390 576 1447; x_wconf 93' lang='lat' dir='ltr'><strong>in</strong></span> <span class='ocrx_word' id='word_1_139' title='bbox 587 1390 777 1449; x_wconf 87' lang='lat' dir='ltr'><strong>eavncatinne</strong></span> <span class='ocrx_word' id='word_1_140' title='bbox 786 1391 957 1463; x_wconf 84' lang='lat' dir='ltr'><strong>permaneat</strong></span> <span class='ocrx_word' id='word_1_141' title='bbox 1009 1381 1142 1446; x_wconf 70' lang='lat' dir='ltr'><strong>turbata</strong></span> <span class='ocrx_word' id='word_1_142' title='bbox 1151 1395 1219 1438; x_wconf 70' lang='lat' dir='ltr'><strong>vtro</strong></span> <span class='ocrx_word' id='word_1_143' title='bbox 1228 1380 1400 1437; x_wconf 67' lang='lat' dir='ltr'><strong>eorumdem</strong></span> <span class='ocrx_word' id='word_1_144' title='bbox 1411 1380 1542 1437; x_wconf 70' lang='lat' dir='ltr'><strong>frtimm</strong></span> <span class='ocrx_word' id='word_1_145' title='bbox 1555 1396 1737 1455; x_wconf 61' lang='lat' dir='ltr'><strong>gravamen</strong></span> <span class='ocrx_word' id='word_1_146' title='bbox 1750 1382 1832 1440; x_wconf 71' lang='lat' dir='ltr'><strong>cinnat·</strong></span> 
     </span>
     <span class='ocr_line' id='line_1_15' title="bbox 128 1469 1832 1559; baseline -0.009 -14"><span class='ocrx_word' id='word_1_147' title='bbox 128 1486 161 1546; x_wconf 91' lang='lat' dir='ltr'><strong>ln</strong></span> <span class='ocrx_word' id='word_1_148' title='bbox 177 1500 237 1559; x_wconf 89' lang='lat' dir='ltr'><strong>qua</strong></span> <span class='ocrx_word' id='word_1_149' title='bbox 250 1483 437 1558; x_wconf 80' lang='lat' dir='ltr'><strong>dignoscitur</strong></span> <span class='ocrx_word' id='word_1_150' title='bbox 450 1497 515 1540; x_wconf 88' lang='lat' dir='ltr'><strong>csse</strong></span> <span class='ocrx_word' id='word_1_151' title='bbox 529 1482 664 1551; x_wconf 88' lang='lat' dir='ltr'><strong>vocatus,</strong></span> <span class='ocrx_word' id='word_1_152' title='bbox 689 1481 758 1552; x_wconf 90' lang='lat' dir='ltr'><strong>quia</strong></span> <span class='ocrx_word' id='word_1_153' title='bbox 783 1486 881 1535; x_wconf 88' lang='lat' dir='ltr'><strong>tamen</strong></span> <span class='ocrx_word' id='word_1_154' title='bbox 905 1477 956 1534; x_wconf 92' lang='lat' dir='ltr'><strong>ubi</strong></span> <span class='ocrx_word' id='word_1_155' title='bbox 1010 1486 1070 1528; x_wconf 90' lang='lat' dir='ltr'><strong>nnn</strong></span> <span class='ocrx_word' id='word_1_156' title='bbox 1083 1487 1243 1545; x_wconf 90' lang='lat' dir='ltr'><strong>possumus</strong></span> <span class='ocrx_word' id='word_1_157' title='bbox 1254 1469 1346 1527; x_wconf 90' lang='lat' dir='ltr'><strong>oeulis</strong></span> <span class='ocrx_word' id='word_1_158' title='bbox 1358 1470 1702 1543; x_wconf 89' lang='lat' dir='ltr'><strong>pertransire,dilectis</strong></span> <span class='ocrx_word' id='word_1_159' title='bbox 1712 1472 1776 1530; x_wconf 90' lang='lat' dir='ltr'><strong>tiliis</strong></span> <span class='ocrx_word' id='word_1_160' title='bbox 1786 1474 1832 1530; x_wconf 89' lang='lat' dir='ltr'><strong>uni·</strong></span> 
     </span>
     <span class='ocr_line' id='line_1_16' title="bbox 130 1553 1833 1649; baseline -0.005 -19"><span class='ocrx_word' id='word_1_161' title='bbox 130 1573 256 1649; x_wconf 76' lang='lat' dir='ltr'><strong>spiritus</strong></span> <span class='ocrx_word' id='word_1_162' title='bbox 270 1571 321 1628; x_wconf 85' lang='lat' dir='ltr'><strong>Dei</strong></span> <span class='ocrx_word' id='word_1_163' title='bbox 335 1574 391 1641; x_wconf 90' lang='lat' dir='ltr'><strong>est,</strong></span> <span class='ocrx_word' id='word_1_164' title='bbox 415 1570 457 1627; x_wconf 87' lang='lat' dir='ltr'><strong>ibi</strong></span> <span class='ocrx_word' id='word_1_165' title='bbox 483 1568 615 1642; x_wconf 87' lang='lat' dir='ltr'><strong>libertas,</strong></span> <span class='ocrx_word' id='word_1_166' title='bbox 639 1572 669 1626; x_wconf 89' lang='lat' dir='ltr'><strong>et</strong></span> <span class='ocrx_word' id='word_1_167' title='bbox 692 1567 744 1641; x_wconf 86' lang='lat' dir='ltr'><strong>qui</strong></span> <span class='ocrx_word' id='word_1_168' title='bbox 771 1566 875 1640; x_wconf 88' lang='lat' dir='ltr'><strong>spiritu</strong></span> <span class='ocrx_word' id='word_1_169' title='bbox 904 1553 957 1623; x_wconf 76' lang='lat' dir='ltr'><strong>nei</strong></span> <span class='ocrx_word' id='word_1_170' title='bbox 1010 1560 1105 1618; x_wconf 75' lang='lat' dir='ltr'><strong>versis</strong></span> <span class='ocrx_word' id='word_1_171' title='bbox 1119 1560 1276 1618; x_wconf 82' lang='lat' dir='ltr'><strong>abbatibus</strong></span> <span class='ocrx_word' id='word_1_172' title='bbox 1291 1559 1494 1618; x_wconf 82' lang='lat' dir='ltr'><strong>Cistercieusis</strong></span> <span class='ocrx_word' id='word_1_173' title='bbox 1511 1560 1642 1619; x_wconf 85' lang='lat' dir='ltr'><strong>ordinis</strong></span> <span class='ocrx_word' id='word_1_174' title='bbox 1660 1562 1693 1618; x_wconf 90' lang='lat' dir='ltr'><strong>in</strong></span> <span class='ocrx_word' id='word_1_175' title='bbox 1719 1563 1833 1637; x_wconf 85' lang='lat' dir='ltr'><strong>llispauir</strong></span> 
     </span>
    </p>
   </div>
   <div class='ocr_carea' id='block_1_5' title="bbox 285 794 776 872">
    <p class='ocr_par' dir='ltr' id='par_1_6' title="bbox 285 794 776 872">
     <span class='ocr_line' id='line_1_17' title="bbox 285 794 776 872; baseline -0.01 -15"><span class='ocrx_word' id='word_1_176' title='bbox 285 796 440 872; x_wconf 82' lang='lat' dir='ltr'><strong>(Laterani,</strong></span> <span class='ocrx_word' id='word_1_177' title='bbox 456 814 485 854; x_wconf 83' lang='grc' dir='ltr'>ιί</span> <span class='ocrx_word' id='word_1_178' title='bbox 501 796 564 855; x_wconf 86' lang='lat' dir='ltr'><strong>liat.</strong></span> <span class='ocrx_word' id='word_1_179' title='bbox 580 794 776 868; x_wconf 76' lang='lat' dir='ltr'><strong>Decembris.)</strong></span> 
     </span>
    </p>
   </div>
   <div class='ocr_carea' id='block_1_6' title="bbox 32 1649 1835 1737">
    <p class='ocr_par' dir='ltr' id='par_1_7' title="bbox 32 1649 1835 1737">
     <span class='ocr_line' id='line_1_18' title="bbox 32 1649 1835 1737; baseline -0.003 -20"><span class='ocrx_word' id='word_1_180' title='bbox 32 1708 37 1717; x_wconf 93' lang='lat'><strong><em>.</em></strong></span> <span class='ocrx_word' id='word_1_181' title='bbox 131 1666 271 1737; x_wconf 77' lang='lat' dir='ltr'><strong>aguntur,</strong></span> <span class='ocrx_word' id='word_1_182' title='bbox 288 1659 590 1731; x_wconf 74' lang='lat' dir='ltr'><strong>nonsuntsublege,</strong></span> <span class='ocrx_word' id='word_1_183' title='bbox 615 1659 686 1732; x_wconf 89' lang='lat' dir='ltr'><strong>qula</strong></span> <span class='ocrx_word' id='word_1_184' title='bbox 708 1656 754 1714; x_wconf 86' lang='lat' dir='ltr'><strong>lex</strong></span> <span class='ocrx_word' id='word_1_185' title='bbox 778 1656 875 1730; x_wconf 89' lang='lat' dir='ltr'><strong>posita</strong></span> <span class='ocrx_word' id='word_1_186' title='bbox 898 1673 955 1714; x_wconf 92' lang='lat' dir='ltr'><strong>non</strong></span> <span class='ocrx_word' id='word_1_187' title='bbox 1011 1650 1180 1708; x_wconf 82' lang='lat' dir='ltr'><strong>constitutis</strong></span> <span class='ocrx_word' id='word_1_188' title='bbox 1195 1649 1303 1707; x_wconf 87' lang='lat' dir='ltr'><strong>nostris</strong></span> <span class='ocrx_word' id='word_1_189' title='bbox 1317 1649 1423 1707; x_wconf 89' lang='lat' dir='ltr'><strong>litteris</strong></span> <span class='ocrx_word' id='word_1_190' title='bbox 1436 1649 1583 1707; x_wconf 89' lang='lat' dir='ltr'><strong>dedimus</strong></span> <span class='ocrx_word' id='word_1_191' title='bbox 1603 1651 1640 1709; x_wconf 88' lang='lat' dir='ltr'><strong>in</strong></span> <span class='ocrx_word' id='word_1_192' title='bbox 1657 1654 1835 1729; x_wconf 73' lang='lat' dir='ltr'><strong>prreoeptisn</strong></span> 
     </span>
    </p>
   </div>
   <div class='ocr_carea' id='block_1_7' title="bbox 129 1739 1845 5227">
    <p class='ocr_par' dir='ltr' id='par_1_8' title="bbox 129 1739 1845 3071">
     <span class='ocr_line' id='line_1_19' title="bbox 132 1739 1836 1824; baseline -0.005 -15"><span class='ocrx_word' id='word_1_193' title='bbox 132 1753 277 1824; x_wconf 70' lang='lat' dir='ltr'><strong>cattusio,</strong></span> <span class='ocrx_word' id='word_1_194' title='bbox 292 1767 327 1809; x_wconf 90' lang='lat' dir='ltr'><strong>ea</strong></span> <span class='ocrx_word' id='word_1_195' title='bbox 337 1747 640 1808; x_wconf 78' lang='lat' dir='ltr'><strong>reticuevideturbcc</strong></span> <span class='ocrx_word' id='word_1_196' title='bbox 651 1746 712 1805; x_wconf 90' lang='lat' dir='ltr'><strong>iltis</strong></span> <span class='ocrx_word' id='word_1_197' title='bbox 726 1747 820 1803; x_wconf 85' lang='lat' dir='ltr'><strong>luisse</strong></span> <span class='ocrx_word' id='word_1_198' title='bbox 835 1760 957 1804; x_wconf 89' lang='lat' dir='ltr'><strong>conces·</strong></span> <span class='ocrx_word' id='word_1_199' title='bbox 1009 1758 1073 1814; x_wconf 83' lang='lat' dir='ltr'><strong>que</strong></span> <span class='ocrx_word' id='word_1_200' title='bbox 1084 1740 1237 1814; x_wconf 74' lang='lat' dir='ltr'><strong>premissa</strong></span> <span class='ocrx_word' id='word_1_201' title='bbox 1247 1743 1317 1797; x_wconf 89' lang='lat' dir='ltr'><strong>sunt</strong></span> <span class='ocrx_word' id='word_1_202' title='bbox 1327 1739 1836 1817; x_wconf 79' lang='lat' dir='ltr'><strong>diligentimaditatiouepsnsantca,</strong></span> 
     </span>
     <span class='ocr_line' id='line_1_20' title="bbox 131 1827 1837 1915; baseline -0.006 -14"><span class='ocrx_word' id='word_1_203' title='bbox 131 1858 199 1901; x_wconf 92' lang='lat' dir='ltr'><strong>sum</strong></span> <span class='ocrx_word' id='word_1_204' title='bbox 210 1858 246 1899; x_wconf 90' lang='lat' dir='ltr'><strong>ne</strong></span> <span class='ocrx_word' id='word_1_205' title='bbox 256 1841 324 1915; x_wconf 85' lang='lat' dir='ltr'><strong>quis</strong></span> <span class='ocrx_word' id='word_1_206' title='bbox 337 1856 372 1898; x_wconf 86' lang='lat' dir='ltr'><strong>ex</strong></span> <span class='ocrx_word' id='word_1_207' title='bbox 387 1839 553 1898; x_wconf 90' lang='lat' dir='ltr'><strong>temeritate</strong></span> <span class='ocrx_word' id='word_1_208' title='bbox 567 1838 613 1896; x_wconf 79' lang='lat' dir='ltr'><strong>vel</strong></span> <span class='ocrx_word' id='word_1_209' title='bbox 629 1835 748 1895; x_wconf 77' lang='lat' dir='ltr'><strong>levitate</strong></span> <span class='ocrx_word' id='word_1_210' title='bbox 762 1836 793 1892; x_wconf 94' lang='lat' dir='ltr'><strong>ln</strong></span> <span class='ocrx_word' id='word_1_211' title='bbox 805 1836 955 1908; x_wconf 75' lang='lat' dir='ltr'><strong>iacturam</strong></span> <span class='ocrx_word' id='word_1_212' title='bbox 1010 1832 1167 1904; x_wconf 88' lang='lat' dir='ltr'><strong>procurent</strong></span> <span class='ocrx_word' id='word_1_213' title='bbox 1185 1829 1287 1887; x_wconf 90' lang='lat' dir='ltr'><strong>eadem</strong></span> <span class='ocrx_word' id='word_1_214' title='bbox 1302 1829 1428 1886; x_wconf 78' lang='lat' dir='ltr'><strong>tirmiter</strong></span> <span class='ocrx_word' id='word_1_215' title='bbox 1441 1827 1625 1899; x_wconf 85' lang='lat' dir='ltr'><strong>observare,</strong></span> <span class='ocrx_word' id='word_1_216' title='bbox 1640 1832 1791 1904; x_wconf 82' lang='lat' dir='ltr'><strong>provisuri</strong></span> <span class='ocrx_word' id='word_1_217' title='bbox 1807 1840 1837 1889; x_wconf 83' lang='lat' dir='ltr'><strong>at·</strong></span> 
     </span>
     <span class='ocr_line' id='line_1_21' title="bbox 132 1916 1839 2004; baseline -0.006 -13"><span class='ocrx_word' id='word_1_218' title='bbox 132 1932 201 1991; x_wconf 89' lang='lat' dir='ltr'><strong>stin</strong></span> <span class='ocrx_word' id='word_1_219' title='bbox 211 1931 328 1990; x_wconf 87' lang='lat' dir='ltr'><strong>ruinam</strong></span> <span class='ocrx_word' id='word_1_220' title='bbox 339 1931 386 1989; x_wconf 92' lang='lat' dir='ltr'><strong>sui</strong></span> <span class='ocrx_word' id='word_1_221' title='bbox 401 1928 514 1988; x_wconf 89' lang='lat' dir='ltr'><strong>ordinis</strong></span> <span class='ocrx_word' id='word_1_222' title='bbox 529 1930 584 1987; x_wconf 91' lang='lat' dir='ltr'><strong>sub</strong></span> <span class='ocrx_word' id='word_1_223' title='bbox 599 1930 739 2004; x_wconf 81' lang='lat' dir='ltr'><strong>pretextu</strong></span> <span class='ocrx_word' id='word_1_224' title='bbox 754 1925 874 1997; x_wconf 85' lang='lat' dir='ltr'><strong>majoris</strong></span> <span class='ocrx_word' id='word_1_225' title='bbox 888 1924 956 1983; x_wconf 91' lang='lat' dir='ltr'><strong>reli·</strong></span> <span class='ocrx_word' id='word_1_226' title='bbox 1009 1920 1120 1980; x_wconf 88' lang='lat' dir='ltr'><strong>tentius</strong></span> <span class='ocrx_word' id='word_1_227' title='bbox 1135 1926 1167 1977; x_wconf 90' lang='lat' dir='ltr'><strong>ut</strong></span> <span class='ocrx_word' id='word_1_228' title='bbox 1181 1919 1260 1993; x_wconf 90' lang='lat' dir='ltr'><strong>quod</strong></span> <span class='ocrx_word' id='word_1_229' title='bbox 1275 1917 1332 1975; x_wconf 89' lang='lat' dir='ltr'><strong>sibl</strong></span> <span class='ocrx_word' id='word_1_230' title='bbox 1355 1917 1419 1975; x_wconf 87' lang='lat' dir='ltr'><strong>lieri</strong></span> <span class='ocrx_word' id='word_1_231' title='bbox 1441 1916 1563 1989; x_wconf 88' lang='lat' dir='ltr'><strong>nolunt,</strong></span> <span class='ocrx_word' id='word_1_232' title='bbox 1594 1920 1734 1980; x_wconf 88' lang='lat' dir='ltr'><strong>minime</strong></span> <span class='ocrx_word' id='word_1_233' title='bbox 1755 1922 1839 1981; x_wconf 87' lang='lat' dir='ltr'><strong>iaciant</strong></span> 
     </span>
     <span class='ocr_line' id='line_1_22' title="bbox 131 2006 1839 2099; baseline -0.006 -18"><span class='ocrx_word' id='word_1_234' title='bbox 131 2024 230 2099; x_wconf 68' lang='lat' dir='ltr'><strong>pionis</strong></span> <span class='ocrx_word' id='word_1_235' title='bbox 245 2023 281 2081; x_wconf 90' lang='lat' dir='ltr'><strong>ad</strong></span> <span class='ocrx_word' id='word_1_236' title='bbox 296 2022 388 2080; x_wconf 92' lang='lat' dir='ltr'><strong>alium</strong></span> <span class='ocrx_word' id='word_1_237' title='bbox 410 2020 544 2080; x_wconf 91' lang='lat' dir='ltr'><strong>ordinem</strong></span> <span class='ocrx_word' id='word_1_238' title='bbox 568 2018 771 2087; x_wconf 73' lang='lat' dir='ltr'><strong>transvolaret,</strong></span> <span class='ocrx_word' id='word_1_239' title='bbox 795 2017 874 2074; x_wconf 92' lang='lat' dir='ltr'><strong>sicut</strong></span> <span class='ocrx_word' id='word_1_240' title='bbox 899 2016 956 2072; x_wconf 85' lang='lat' dir='ltr'><strong>ire·</strong></span> <span class='ocrx_word' id='word_1_241' title='bbox 1010 2010 1152 2068; x_wconf 88' lang='lat' dir='ltr'><strong>iratribus</strong></span> <span class='ocrx_word' id='word_1_242' title='bbox 1179 2006 1344 2066; x_wconf 86' lang='lat' dir='ltr'><strong>antedictis.</strong></span> <span class='ocrx_word' id='word_1_243' title='bbox 1370 2006 1515 2073; x_wconf 85' lang='lat' dir='ltr'><strong>Quocirca</strong></span> <span class='ocrx_word' id='word_1_244' title='bbox 1537 2008 1737 2069; x_wconf 70' lang='lat' dir='ltr'><strong>fraternitati</strong></span> <span class='ocrx_word' id='word_1_245' title='bbox 1761 2019 1839 2071; x_wconf 70' lang='lat' dir='ltr'><strong>rests</strong></span> 
     </span>
     <span class='ocr_line' id='line_1_23' title="bbox 131 2096 1841 2187; baseline -0.006 -15"><span class='ocrx_word' id='word_1_246' title='bbox 131 2117 257 2187; x_wconf 80' lang='lat' dir='ltr'><strong>questas</strong></span> <span class='ocrx_word' id='word_1_247' title='bbox 270 2129 287 2169; x_wconf 93' lang='lat' dir='ltr'><strong>a</strong></span> <span class='ocrx_word' id='word_1_248' title='bbox 302 2111 405 2169; x_wconf 90' lang='lat' dir='ltr'><strong>multis</strong></span> <span class='ocrx_word' id='word_1_249' title='bbox 417 2115 533 2168; x_wconf 88' lang='lat' dir='ltr'><strong>cunstat</strong></span> <span class='ocrx_word' id='word_1_250' title='bbox 557 2124 623 2166; x_wconf 90' lang='lat' dir='ltr'><strong>ease</strong></span> <span class='ocrx_word' id='word_1_251' title='bbox 644 2109 870 2181; x_wconf 79' lang='lat' dir='ltr'><strong>presumptum,</strong></span> <span class='ocrx_word' id='word_1_252' title='bbox 896 2120 955 2162; x_wconf 89' lang='lat' dir='ltr'><strong>nnn</strong></span> <span class='ocrx_word' id='word_1_253' title='bbox 1011 2116 1063 2176; x_wconf 89' lang='lat' dir='ltr'><strong>per</strong></span> <span class='ocrx_word' id='word_1_254' title='bbox 1076 2099 1237 2175; x_wconf 89' lang='lat' dir='ltr'><strong>apostolica</strong></span> <span class='ocrx_word' id='word_1_255' title='bbox 1252 2096 1361 2170; x_wconf 87' lang='lat' dir='ltr'><strong>scripta</strong></span> <span class='ocrx_word' id='word_1_256' title='bbox 1376 2097 1559 2155; x_wconf 89' lang='lat' dir='ltr'><strong>mandamus</strong></span> <span class='ocrx_word' id='word_1_257' title='bbox 1575 2104 1746 2173; x_wconf 89' lang='lat' dir='ltr'><strong>quatenus</strong></span> <span class='ocrx_word' id='word_1_258' title='bbox 1756 2103 1841 2162; x_wconf 80' lang='lat' dir='ltr'><strong>siries·</strong></span> 
     </span>
     <span class='ocr_line' id='line_1_24' title="bbox 129 2186 1841 2274; baseline -0.004 -17"><span class='ocrx_word' id='word_1_259' title='bbox 129 2200 249 2274; x_wconf 86' lang='lat' dir='ltr'><strong>quidem</strong></span> <span class='ocrx_word' id='word_1_260' title='bbox 261 2199 328 2256; x_wconf 89' lang='lat' dir='ltr'><strong>utet</strong></span> <span class='ocrx_word' id='word_1_261' title='bbox 342 2196 514 2254; x_wconf 88' lang='lat' dir='ltr'><strong>transeundi</strong></span> <span class='ocrx_word' id='word_1_262' title='bbox 525 2195 644 2253; x_wconf 88' lang='lat' dir='ltr'><strong>licentia</strong></span> <span class='ocrx_word' id='word_1_263' title='bbox 653 2196 814 2267; x_wconf 77' lang='lat' dir='ltr'><strong>denegetur</strong></span> <span class='ocrx_word' id='word_1_264' title='bbox 823 2192 874 2265; x_wconf 92' lang='lat' dir='ltr'><strong>qui</strong></span> <span class='ocrx_word' id='word_1_265' title='bbox 890 2207 955 2249; x_wconf 85' lang='lat' dir='ltr'><strong>eam</strong></span> <span class='ocrx_word' id='word_1_266' title='bbox 1010 2190 1132 2248; x_wconf 84' lang='lat' dir='ltr'><strong>abbates</strong></span> <span class='ocrx_word' id='word_1_267' title='bbox 1142 2189 1314 2246; x_wconf 86' lang='lat' dir='ltr'><strong>mandatum</strong></span> <span class='ocrx_word' id='word_1_268' title='bbox 1326 2190 1460 2245; x_wconf 89' lang='lat' dir='ltr'><strong>nostrum</strong></span> <span class='ocrx_word' id='word_1_269' title='bbox 1472 2186 1841 2267; x_wconf 78' lang='lat' dir='ltr'><strong>neglexerintadimplerr,</strong></span> 
     </span>
     <span class='ocr_line' id='line_1_25' title="bbox 129 2278 1841 2363; baseline -0.004 -16"><span class='ocrx_word' id='word_1_270' title='bbox 129 2306 197 2347; x_wconf 92' lang='lat' dir='ltr'><strong>cum</strong></span> <span class='ocrx_word' id='word_1_271' title='bbox 212 2288 379 2345; x_wconf 87' lang='lat' dir='ltr'><strong>humilitate</strong></span> <span class='ocrx_word' id='word_1_272' title='bbox 394 2303 427 2343; x_wconf 86' lang='lat' dir='ltr'><strong>ac</strong></span> <span class='ocrx_word' id='word_1_273' title='bbox 440 2286 568 2359; x_wconf 89' lang='lat' dir='ltr'><strong>puritate</strong></span> <span class='ocrx_word' id='word_1_274' title='bbox 591 2285 706 2341; x_wconf 88' lang='lat' dir='ltr'><strong>duxerit</strong></span> <span class='ocrx_word' id='word_1_275' title='bbox 731 2281 955 2356; x_wconf 90' lang='lat' dir='ltr'><strong>postulundam,</strong></span> <span class='ocrx_word' id='word_1_276' title='bbox 1008 2297 1060 2339; x_wconf 85' lang='lat' dir='ltr'><strong>vos</strong></span> <span class='ocrx_word' id='word_1_277' title='bbox 1071 2282 1249 2363; x_wconf 84' lang='lat' dir='ltr'><strong>memoratos</strong></span> <span class='ocrx_word' id='word_1_278' title='bbox 1258 2278 1363 2336; x_wconf 89' lang='lat' dir='ltr'><strong>tratres</strong></span> <span class='ocrx_word' id='word_1_279' title='bbox 1371 2279 1841 2351; x_wconf 79' lang='lat' dir='ltr'><strong>coutraprsamissorumtenorsu</strong></span> 
     </span>
     <span class='ocr_line' id='line_1_26' title="bbox 129 2364 1841 2452; baseline -0.004 -16"><span class='ocrx_word' id='word_1_280' title='bbox 129 2382 277 2452; x_wconf 83' lang='lat' dir='ltr'><strong>quatenus</strong></span> <span class='ocrx_word' id='word_1_281' title='bbox 288 2394 348 2434; x_wconf 91' lang='lat' dir='ltr'><strong>nou</strong></span> <span class='ocrx_word' id='word_1_282' title='bbox 363 2376 441 2445; x_wconf 88' lang='lat' dir='ltr'><strong>ilcte,</strong></span> <span class='ocrx_word' id='word_1_283' title='bbox 458 2376 509 2433; x_wconf 92' lang='lat' dir='ltr'><strong>sed</strong></span> <span class='ocrx_word' id='word_1_284' title='bbox 523 2390 602 2445; x_wconf 78' lang='lat' dir='ltr'><strong>vere,</strong></span> <span class='ocrx_word' id='word_1_285' title='bbox 624 2374 661 2431; x_wconf 90' lang='lat' dir='ltr'><strong>ad</strong></span> <span class='ocrx_word' id='word_1_286' title='bbox 687 2373 801 2447; x_wconf 78' lang='lat' dir='ltr'><strong>frugem</strong></span> <span class='ocrx_word' id='word_1_287' title='bbox 825 2371 956 2429; x_wconf 90' lang='lat' dir='ltr'><strong>melioris</strong></span> <span class='ocrx_word' id='word_1_288' title='bbox 1009 2367 1256 2445; x_wconf 87' lang='lat' dir='ltr'><strong>nonpermittatis</strong></span> <span class='ocrx_word' id='word_1_289' title='bbox 1268 2366 1453 2440; x_wconf 84' lang='lat' dir='ltr'><strong>aliquatenus</strong></span> <span class='ocrx_word' id='word_1_290' title='bbox 1468 2364 1841 2444; x_wconf 77' lang='lat' dir='ltr'><strong>molestari,quiuimotau</strong></span> 
     </span>
     <span class='ocr_line' id='line_1_27' title="bbox 130 2456 1843 2538; baseline -0.005 -12"><span class='ocrx_word' id='word_1_291' title='bbox 130 2469 196 2527; x_wconf 83' lang='lat' dir='ltr'><strong>vita</strong></span> <span class='ocrx_word' id='word_1_292' title='bbox 210 2466 545 2538; x_wconf 81' lang='lat' dir='ltr'><strong>vaieettrausmigrare.</strong></span> <span class='ocrx_word' id='word_1_293' title='bbox 561 2463 641 2521; x_wconf 81' lang='lat' dir='ltr'><strong>Talis</strong></span> <span class='ocrx_word' id='word_1_294' title='bbox 667 2478 736 2536; x_wconf 82' lang='lat' dir='ltr'><strong>ergo</strong></span> <span class='ocrx_word' id='word_1_295' title='bbox 759 2465 916 2536; x_wconf 86' lang='lat' dir='ltr'><strong>postquam</strong></span> <span class='ocrx_word' id='word_1_296' title='bbox 940 2476 957 2517; x_wconf 88' lang='lat' dir='ltr'><strong>a</strong></span> <span class='ocrx_word' id='word_1_297' title='bbox 1010 2458 1178 2516; x_wconf 86' lang='lat' dir='ltr'><strong>recedentes</strong></span> <span class='ocrx_word' id='word_1_298' title='bbox 1194 2456 1402 2531; x_wconf 78' lang='lat' dir='ltr'><strong>fratresquam</strong></span> <span class='ocrx_word' id='word_1_299' title='bbox 1422 2456 1489 2514; x_wconf 90' lang='lat' dir='ltr'><strong>ilios</strong></span> <span class='ocrx_word' id='word_1_300' title='bbox 1515 2458 1570 2530; x_wconf 86' lang='lat' dir='ltr'><strong>qul</strong></span> <span class='ocrx_word' id='word_1_301' title='bbox 1599 2461 1736 2519; x_wconf 90' lang='lat' dir='ltr'><strong>eoadem</strong></span> <span class='ocrx_word' id='word_1_302' title='bbox 1760 2470 1843 2519; x_wconf 85' lang='lat' dir='ltr'><strong>centra</strong></span> 
     </span>
     <span class='ocr_line' id='line_1_28' title="bbox 133 2544 1841 2629; baseline -0.001 -17"><span class='ocrx_word' id='word_1_303' title='bbox 133 2555 253 2629; x_wconf 83' lang='lat' dir='ltr'><strong>praelate</strong></span> <span class='ocrx_word' id='word_1_304' title='bbox 268 2570 322 2611; x_wconf 92' lang='lat' dir='ltr'><strong>suc</strong></span> <span class='ocrx_word' id='word_1_305' title='bbox 337 2552 513 2610; x_wconf 90' lang='lat' dir='ltr'><strong>transeundi</strong></span> <span class='ocrx_word' id='word_1_306' title='bbox 528 2551 679 2610; x_wconf 91' lang='lat' dir='ltr'><strong>licentiam</strong></span> <span class='ocrx_word' id='word_1_307' title='bbox 693 2549 897 2624; x_wconf 87' lang='lat' dir='ltr'><strong>postulaverit,</strong></span> <span class='ocrx_word' id='word_1_308' title='bbox 922 2564 956 2605; x_wconf 82' lang='lat' dir='ltr'><strong>ex</strong></span> <span class='ocrx_word' id='word_1_309' title='bbox 1011 2546 1195 2623; x_wconf 81' lang='lat' dir='ltr'><strong>premissam</strong></span> <span class='ocrx_word' id='word_1_310' title='bbox 1210 2546 1335 2604; x_wconf 81' lang='lat' dir='ltr'><strong>turmam</strong></span> <span class='ocrx_word' id='word_1_311' title='bbox 1352 2544 1478 2620; x_wconf 80' lang='lat' dir='ltr'><strong>racipere</strong></span> <span class='ocrx_word' id='word_1_312' title='bbox 1497 2546 1563 2605; x_wconf 86' lang='lat' dir='ltr'><strong>iore</strong></span> <span class='ocrx_word' id='word_1_313' title='bbox 1589 2552 1841 2626; x_wconf 71' lang='lat' dir='ltr'><strong>presumpserint</strong></span> 
     </span>
     <span class='ocr_line' id='line_1_29' title="bbox 134 2636 1843 2721; baseline -0.001 -20"><span class='ocrx_word' id='word_1_314' title='bbox 134 2644 199 2719; x_wconf 80' lang='lat' dir='ltr'><strong>iege</strong></span> <span class='ocrx_word' id='word_1_315' title='bbox 213 2643 335 2721; x_wconf 83' lang='lat' dir='ltr'><strong>privata,</strong></span> <span class='ocrx_word' id='word_1_316' title='bbox 351 2659 415 2715; x_wconf 81' lang='lat' dir='ltr'><strong>que</strong></span> <span class='ocrx_word' id='word_1_317' title='bbox 430 2641 553 2716; x_wconf 82' lang='lat' dir='ltr'><strong>publica</strong></span> <span class='ocrx_word' id='word_1_318' title='bbox 567 2640 631 2715; x_wconf 75' lang='lat' dir='ltr'><strong>lege</strong></span> <span class='ocrx_word' id='word_1_319' title='bbox 645 2640 826 2715; x_wconf 78' lang='lat' dir='ltr'><strong>prejudicat,</strong></span> <span class='ocrx_word' id='word_1_320' title='bbox 843 2638 959 2697; x_wconf 92' lang='lat' dir='ltr'><strong>ubsoiu-</strong></span> <span class='ocrx_word' id='word_1_321' title='bbox 1011 2641 1045 2695; x_wconf 84' lang='lat' dir='ltr'><strong>ut</strong></span> <span class='ocrx_word' id='word_1_322' title='bbox 1059 2636 1095 2695; x_wconf 90' lang='lat' dir='ltr'><strong>ab</strong></span> <span class='ocrx_word' id='word_1_323' title='bbox 1111 2636 1284 2711; x_wconf 76' lang='lat' dir='ltr'><strong>huiuamodi</strong></span> <span class='ocrx_word' id='word_1_324' title='bbox 1299 2636 1528 2711; x_wconf 79' lang='lat' dir='ltr'><strong>presumptione</strong></span> <span class='ocrx_word' id='word_1_325' title='bbox 1544 2636 1711 2698; x_wconf 89' lang='lat' dir='ltr'><strong>desistant</strong></span> <span class='ocrx_word' id='word_1_326' title='bbox 1725 2659 1779 2716; x_wconf 89' lang='lat' dir='ltr'><strong>per</strong></span> <span class='ocrx_word' id='word_1_327' title='bbox 1790 2660 1843 2698; x_wconf 87' lang='lat' dir='ltr'><strong>cen·</strong></span> 
     </span>
     <span class='ocr_line' id='line_1_30' title="bbox 137 2726 1845 2807; baseline -0.001 -16"><span class='ocrx_word' id='word_1_328' title='bbox 137 2740 198 2803; x_wconf 91' lang='lat' dir='ltr'><strong>tus,</strong></span> <span class='ocrx_word' id='word_1_329' title='bbox 214 2733 304 2790; x_wconf 88' lang='lat' dir='ltr'><strong>libere</strong></span> <span class='ocrx_word' id='word_1_330' title='bbox 314 2734 413 2807; x_wconf 90' lang='lat' dir='ltr'><strong>potest</strong></span> <span class='ocrx_word' id='word_1_331' title='bbox 423 2730 581 2790; x_wconf 88' lang='lat' dir='ltr'><strong>sanctioris</strong></span> <span class='ocrx_word' id='word_1_332' title='bbox 591 2730 655 2788; x_wconf 85' lang='lat' dir='ltr'><strong>vita</strong></span> <span class='ocrx_word' id='word_1_333' title='bbox 665 2726 847 2804; x_wconf 89' lang='lat' dir='ltr'><strong>propositum</strong></span> <span class='ocrx_word' id='word_1_334' title='bbox 864 2728 957 2786; x_wconf 88' lang='lat' dir='ltr'><strong>adim·</strong></span> <span class='ocrx_word' id='word_1_335' title='bbox 1012 2744 1111 2787; x_wconf 88' lang='lat' dir='ltr'><strong>suram</strong></span> <span class='ocrx_word' id='word_1_336' title='bbox 1126 2728 1356 2786; x_wconf 89' lang='lat' dir='ltr'><strong>ecclesiasticam</strong></span> <span class='ocrx_word' id='word_1_337' title='bbox 1369 2726 1570 2802; x_wconf 73' lang='lat' dir='ltr'><strong>appellatione</strong></span> <span class='ocrx_word' id='word_1_338' title='bbox 1586 2734 1770 2806; x_wconf 87' lang='lat' dir='ltr'><strong>postposita</strong></span> <span class='ocrx_word' id='word_1_339' title='bbox 1781 2750 1845 2790; x_wconf 88' lang='lat' dir='ltr'><strong>cnm·</strong></span> 
     </span>
     <span class='ocr_line' id='line_1_31' title="bbox 136 2816 1845 2899; baseline -0.001 -18"><span class='ocrx_word' id='word_1_340' title='bbox 136 2824 227 2899; x_wconf 91' lang='lat' dir='ltr'><strong>plere,</strong></span> <span class='ocrx_word' id='word_1_341' title='bbox 242 2822 440 2880; x_wconf 86' lang='lat' dir='ltr'><strong>nonobstante</strong></span> <span class='ocrx_word' id='word_1_342' title='bbox 463 2824 597 2896; x_wconf 79' lang='lat' dir='ltr'><strong>proterva</strong></span> <span class='ocrx_word' id='word_1_343' title='bbox 620 2819 770 2877; x_wconf 83' lang='lat' dir='ltr'><strong>indiscreti</strong></span> <span class='ocrx_word' id='word_1_344' title='bbox 793 2816 959 2876; x_wconf 89' lang='lat' dir='ltr'><strong>contradic·</strong></span> <span class='ocrx_word' id='word_1_345' title='bbox 1013 2816 1225 2892; x_wconf 88' lang='lat' dir='ltr'><strong>pellatia.Qucd</strong></span> <span class='ocrx_word' id='word_1_346' title='bbox 1242 2818 1268 2875; x_wconf 89' lang='lat' dir='ltr'><strong>si</strong></span> <span class='ocrx_word' id='word_1_347' title='bbox 1283 2834 1341 2876; x_wconf 91' lang='lat' dir='ltr'><strong>non</strong></span> <span class='ocrx_word' id='word_1_348' title='bbox 1357 2833 1471 2887; x_wconf 89' lang='lat' dir='ltr'><strong>omnes,</strong></span> <span class='ocrx_word' id='word_1_349' title='bbox 1482 2818 1626 2889; x_wconf 91' lang='lat' dir='ltr'><strong>eio.,duo</strong></span> <span class='ocrx_word' id='word_1_350' title='bbox 1643 2825 1845 2893; x_wconf 68' lang='lat' dir='ltr'><strong>vestrumea</strong></span> 
     </span>
     <span class='ocr_line' id='line_1_32' title="bbox 134 2905 1844 2987; baseline -0.001 -18"><span class='ocrx_word' id='word_1_351' title='bbox 134 2912 213 2970; x_wconf 84' lang='lat' dir='ltr'><strong>tione</strong></span> <span class='ocrx_word' id='word_1_352' title='bbox 237 2909 360 2984; x_wconf 78' lang='lat' dir='ltr'><strong>prelati,</strong></span> <span class='ocrx_word' id='word_1_353' title='bbox 385 2909 436 2983; x_wconf 84' lang='lat' dir='ltr'><strong>q&#39;ui</strong></span> <span class='ocrx_word' id='word_1_354' title='bbox 462 2907 648 2987; x_wconf 82' lang='lat' dir='ltr'><strong>privilegium</strong></span> <span class='ocrx_word' id='word_1_355' title='bbox 673 2910 801 2969; x_wconf 89' lang='lat' dir='ltr'><strong>meretur</strong></span> <span class='ocrx_word' id='word_1_356' title='bbox 824 2906 958 2964; x_wconf 90' lang='lat' dir='ltr'><strong>amittere</strong></span> <span class='ocrx_word' id='word_1_357' title='bbox 1048 2911 1153 2966; x_wconf 85' lang='lat' dir='ltr'><strong>Datum</strong></span> <span class='ocrx_word' id='word_1_358' title='bbox 1170 2905 1316 2978; x_wconf 88' lang='lat' dir='ltr'><strong>Laterani,</strong></span> <span class='ocrx_word' id='word_1_359' title='bbox 1330 2925 1358 2965; x_wconf 85' lang='grc' dir='ltr'><strong>ιι</strong></span> <span class='ocrx_word' id='word_1_360' title='bbox 1374 2906 1438 2965; x_wconf 84' lang='lat' dir='ltr'><strong>liat.</strong></span> <span class='ocrx_word' id='word_1_361' title='bbox 1454 2908 1647 2980; x_wconf 83' lang='lat' dir='ltr'><strong>Decembris,</strong></span> <span class='ocrx_word' id='word_1_362' title='bbox 1665 2927 1750 2970; x_wconf 88' lang='lat' dir='ltr'><strong>anno</strong></span> <span class='ocrx_word' id='word_1_363' title='bbox 1769 2913 1844 2970; x_wconf 84' lang='lat' dir='ltr'><strong>nude·</strong></span> 
     </span>
     <span class='ocr_line' id='line_1_33' title="bbox 134 2995 1098 3071; baseline -0.005 -11"><span class='ocrx_word' id='word_1_364' title='bbox 134 3019 202 3060; x_wconf 92' lang='lat' dir='ltr'><strong>cum</strong></span> <span class='ocrx_word' id='word_1_365' title='bbox 218 3015 357 3058; x_wconf 87' lang='lat' dir='ltr'><strong>concessa</strong></span> <span class='ocrx_word' id='word_1_366' title='bbox 372 2997 429 3055; x_wconf 87' lang='lat' dir='ltr'><strong>sibi</strong></span> <span class='ocrx_word' id='word_1_367' title='bbox 444 2997 578 3055; x_wconf 89' lang='lat' dir='ltr'><strong>abutitur</strong></span> <span class='ocrx_word' id='word_1_368' title='bbox 590 3000 751 3071; x_wconf 88' lang='lat' dir='ltr'><strong>potestate;</strong></span> <span class='ocrx_word' id='word_1_369' title='bbox 766 3002 833 3054; x_wconf 84' lang='lat' dir='ltr'><strong>cum</strong></span> <span class='ocrx_word' id='word_1_370' title='bbox 847 3000 876 3053; x_wconf 92' lang='lat' dir='ltr'><strong>et</strong></span> <span class='ocrx_word' id='word_1_371' title='bbox 899 2995 959 3052; x_wconf 85' lang='lat' dir='ltr'><strong>ao·</strong></span> <span class='ocrx_word' id='word_1_372' title='bbox 1012 2998 1098 3058; x_wconf 91' lang='lat' dir='ltr'><strong>cimn.</strong></span> 
     </span>
    </p>

    <p class='ocr_par' dir='ltr' id='par_1_9' title="bbox 134 3044 1496 3173">
     <span class='ocr_line' id='line_1_34' title="bbox 134 3044 1496 3173; baseline -0.004 -23"><span class='ocrx_word' id='word_1_373' title='bbox 134 3106 242 3150; x_wconf 89' lang='lat' dir='ltr'><strong>manus</strong></span> <span class='ocrx_word' id='word_1_374' title='bbox 256 3088 395 3164; x_wconf 83' lang='lat' dir='ltr'><strong>pontiiex,</strong></span> <span class='ocrx_word' id='word_1_375' title='bbox 409 3088 459 3162; x_wconf 87' lang='lat' dir='ltr'><strong>qni</strong></span> <span class='ocrx_word' id='word_1_376' title='bbox 471 3096 640 3162; x_wconf 78' lang='lat' dir='ltr'><strong>supremam</strong></span> <span class='ocrx_word' id='word_1_377' title='bbox 655 3088 769 3146; x_wconf 87' lang='lat' dir='ltr'><strong>obtinet</strong></span> <span class='ocrx_word' id='word_1_378' title='bbox 783 3088 813 3144; x_wconf 83' lang='lat' dir='ltr'><strong>ila</strong></span> <span class='ocrx_word' id='word_1_379' title='bbox 829 3086 956 3173; x_wconf 77' lang='lat' dir='ltr'><strong>Ecclesia</strong></span> <span class='ocrx_word' id='word_1_380' title='bbox 970 3044 993 3126; x_wconf 64' lang='lat' dir='ltr'>fl</span> <span class='ocrx_word' id='word_1_381' title='bbox 1347 3084 1496 3145; x_wconf 80' lang='lat' dir='ltr'>CLXXIX.</span> 
     </span>
    </p>

    <p class='ocr_par' dir='ltr' id='par_1_10' title="bbox 133 3173 1841 3612">
     <span class='ocr_line' id='line_1_35' title="bbox 133 3173 1841 3256; baseline 0 -17"><span class='ocrx_word' id='word_1_382' title='bbox 133 3183 323 3256; x_wconf 89' lang='lat' dir='ltr'><strong>potestatem,</strong></span> <span class='ocrx_word' id='word_1_383' title='bbox 354 3177 581 3252; x_wconf 88' lang='lat' dir='ltr'><strong>archiepiscopis</strong></span> <span class='ocrx_word' id='word_1_384' title='bbox 609 3181 638 3235; x_wconf 89' lang='lat' dir='ltr'><strong>et</strong></span> <span class='ocrx_word' id='word_1_385' title='bbox 665 3177 812 3252; x_wconf 89' lang='lat' dir='ltr'><strong>episcopia</strong></span> <span class='ocrx_word' id='word_1_386' title='bbox 834 3173 957 3234; x_wconf 88' lang='lat' dir='ltr'><strong>cadendi</strong></span> <span class='ocrx_word' id='word_1_387' title='bbox 1010 3195 1229 3236; x_wconf 79' lang='lat' dir='ltr'><strong>ascruaerscore</strong></span> <span class='ocrx_word' id='word_1_388' title='bbox 1244 3193 1493 3247; x_wconf 66' lang='lat' dir='ltr'><strong>arcensarcens</strong></span> <span class='ocrx_word' id='word_1_389' title='bbox 1507 3190 1652 3239; x_wconf 75' lang='lat' dir='ltr'><strong>saraceno</strong></span> <span class='ocrx_word' id='word_1_390' title='bbox 1669 3198 1841 3251; x_wconf 72' lang='lat' dir='ltr'><strong>usvenans,</strong></span> 
     </span>
     <span class='ocr_line' id='line_1_36' title="bbox 133 3265 1820 3341; baseline 0.002 -13"><span class='ocrx_word' id='word_1_391' title='bbox 133 3270 284 3329; x_wconf 89' lang='lat' dir='ltr'><strong>licentiam</strong></span> <span class='ocrx_word' id='word_1_392' title='bbox 296 3268 423 3340; x_wconf 79' lang='lat' dir='ltr'><strong>saluata</strong></span> <span class='ocrx_word' id='word_1_393' title='bbox 433 3281 522 3325; x_wconf 87' lang='lat' dir='ltr'><strong>causa</strong></span> <span class='ocrx_word' id='word_1_394' title='bbox 533 3266 701 3341; x_wconf 87' lang='lat' dir='ltr'><strong>petentibus</strong></span> <span class='ocrx_word' id='word_1_395' title='bbox 711 3265 957 3325; x_wconf 82' lang='lat' dir='ltr'><strong>sineditiieultate</strong></span> <span class='ocrx_word' id='word_1_396' title='bbox 1036 3286 1071 3325; x_wconf 83' lang='lat' dir='ltr'><strong>ar</strong></span> <span class='ocrx_word' id='word_1_397' title='bbox 1084 3285 1184 3326; x_wconf 78' lang='lat' dir='ltr'><strong>asaarr</strong></span> <span class='ocrx_word' id='word_1_398' title='bbox 1198 3284 1297 3325; x_wconf 72' lang='lat' dir='ltr'><strong>seueri</strong></span> <span class='ocrx_word' id='word_1_399' title='bbox 1312 3282 1389 3325; x_wconf 76' lang='lat' dir='ltr'><strong>anem</strong></span> <span class='ocrx_word' id='word_1_400' title='bbox 1404 3282 1648 3329; x_wconf 80' lang='lat' dir='ltr'><strong>nrosrroursssrs</strong></span> <span class='ocrx_word' id='word_1_401' title='bbox 1663 3289 1820 3332; x_wconf 80' lang='lat' dir='ltr'><strong>nroeossrs.</strong></span> 
     </span>
     <span class='ocr_line' id='line_1_37' title="bbox 133 3356 1794 3459; baseline -0.004 -40"><span class='ocrx_word' id='word_1_402' title='bbox 133 3359 284 3419; x_wconf 87' lang='lat' dir='ltr'><strong>concedat.</strong></span> <span class='ocrx_word' id='word_1_403' title='bbox 296 3357 439 3426; x_wconf 87' lang='lat' dir='ltr'><strong>Quocirca</strong></span> <span class='ocrx_word' id='word_1_404' title='bbox 450 3356 958 3430; x_wconf 79' lang='lat' dir='ltr'><strong>noverintunlvarsiquibushujus·</strong></span> <span class='ocrx_word' id='word_1_405' title='bbox 1069 3384 1207 3442; x_wconf 56' lang='lat' dir='ltr'><strong>Sem-mm,</strong></span> <span class='ocrx_word' id='word_1_406' title='bbox 1219 3400 1270 3459; x_wconf 63' lang='lat' dir='ltr'><strong><em>m</em></strong></span> <span class='ocrx_word' id='word_1_407' title='bbox 1285 3382 1422 3442; x_wconf 56' lang='lat' dir='ltr'><em>Theodoro</em></span> <span class='ocrx_word' id='word_1_408' title='bbox 1436 3385 1564 3459; x_wconf 49' lang='grc' dir='ltr'><strong>ιρι-πορθ</strong></span> <span class='ocrx_word' id='word_1_409' title='bbox 1579 3386 1794 3459; x_wconf 46' lang='lat' dir='ltr'><strong>Nion-mensi·</strong></span> 
     </span>
     <span class='ocr_line' id='line_1_38' title="bbox 135 3447 1620 3523; baseline -0.005 -14"><span class='ocrx_word' id='word_1_410' title='bbox 135 3447 955 3523; x_wconf 78' lang='lat' dir='ltr'><strong>modiprivilegiumestccncsasnmsesdconcedendum</strong></span> <span class='ocrx_word' id='word_1_411' title='bbox 1327 3500 1333 3513; x_wconf 85' lang='grc'><em>,</em></span> <span class='ocrx_word' id='word_1_412' title='bbox 1612 3502 1620 3517; x_wconf 68' lang='lat'>‚</span> 
     </span>
     <span class='ocr_line' id='line_1_39' title="bbox 134 3501 1666 3612; baseline -0.003 -14"><span class='ocrx_word' id='word_1_413' title='bbox 134 3539 309 3598; x_wconf 88' lang='lat' dir='ltr'><strong>transeundi</strong></span> <span class='ocrx_word' id='word_1_414' title='bbox 323 3537 473 3595; x_wconf 88' lang='lat' dir='ltr'><strong>licentiam</strong></span> <span class='ocrx_word' id='word_1_415' title='bbox 484 3537 582 3595; x_wconf 87' lang='lat' dir='ltr'><strong>taliter</strong></span> <span class='ocrx_word' id='word_1_416' title='bbox 596 3537 814 3612; x_wconf 85' lang='lat' dir='ltr'><strong>postulantibus</strong></span> <span class='ocrx_word' id='word_1_417' title='bbox 834 3538 870 3595; x_wconf 87' lang='lat' dir='ltr'><strong>de</strong></span> <span class='ocrx_word' id='word_1_418' title='bbox 890 3538 958 3611; x_wconf 75' lang='lat' dir='ltr'><strong>iure</strong></span> <span class='ocrx_word' id='word_1_419' title='bbox 1187 3502 1347 3576; x_wconf 44' lang='lat' dir='ltr'><strong>(mmuh</strong></span> <span class='ocrx_word' id='word_1_420' title='bbox 1361 3516 1388 3559; x_wconf 60' lang='grc' dir='ltr'>Ἢ</span> <span class='ocrx_word' id='word_1_421' title='bbox 1404 3501 1448 3558; x_wconf 61' lang='grc' dir='ltr'><strong>Μ·</strong></span> <span class='ocrx_word' id='word_1_422' title='bbox 1465 3502 1666 3577; x_wconf 50' lang='grc' dir='ltr'><strong>Μωωὴηι)</strong></span> 
     </span>
    </p>

    <p class='ocr_par' dir='ltr' id='par_1_11' title="bbox 129 3624 1843 5227">
     <span class='ocr_line' id='line_1_40' title="bbox 133 3624 1840 3702; baseline 0.002 -15"><span class='ocrx_word' id='word_1_423' title='bbox 133 3630 236 3701; x_wconf 88' lang='lat' dir='ltr'><strong>teneri,</strong></span> <span class='ocrx_word' id='word_1_424' title='bbox 253 3629 322 3702; x_wconf 90' lang='lat' dir='ltr'><strong>quia</strong></span> <span class='ocrx_word' id='word_1_425' title='bbox 336 3628 414 3685; x_wconf 90' lang='lat' dir='ltr'><strong>sieut</strong></span> <span class='ocrx_word' id='word_1_426' title='bbox 428 3627 566 3685; x_wconf 90' lang='lat' dir='ltr'><strong>subditus</strong></span> <span class='ocrx_word' id='word_1_427' title='bbox 581 3643 598 3683; x_wconf 92' lang='lat' dir='ltr'><strong>a</strong></span> <span class='ocrx_word' id='word_1_428' title='bbox 612 3629 732 3700; x_wconf 85' lang='lat' dir='ltr'><strong>prelato</strong></span> <span class='ocrx_word' id='word_1_429' title='bbox 747 3640 815 3684; x_wconf 91' lang='lat' dir='ltr'><strong>num</strong></span> <span class='ocrx_word' id='word_1_430' title='bbox 836 3626 957 3683; x_wconf 89' lang='lat' dir='ltr'><strong>humili·</strong></span> <span class='ocrx_word' id='word_1_431' title='bbox 1045 3626 1105 3683; x_wconf 82' lang='lat' dir='ltr'><strong>Sua</strong></span> <span class='ocrx_word' id='word_1_432' title='bbox 1120 3624 1205 3682; x_wconf 90' lang='lat' dir='ltr'><strong>nobis</strong></span> <span class='ocrx_word' id='word_1_433' title='bbox 1228 3624 1404 3682; x_wconf 76' lang='lat' dir='ltr'><strong>uenerabilis</strong></span> <span class='ocrx_word' id='word_1_434' title='bbox 1426 3624 1516 3683; x_wconf 85' lang='lat' dir='ltr'><strong>irater</strong></span> <span class='ocrx_word' id='word_1_435' title='bbox 1539 3632 1647 3686; x_wconf 88' lang='lat' dir='ltr'><strong>noster</strong></span> <span class='ocrx_word' id='word_1_436' title='bbox 1671 3628 1840 3691; x_wconf 81' lang='lat' dir='ltr'><strong>Theodorus</strong></span> 
     </span>
     <span class='ocr_line' id='line_1_41' title="bbox 134 3714 1838 3790; baseline 0.002 -16"><span class='ocrx_word' id='word_1_437' title='bbox 134 3721 194 3775; x_wconf 88' lang='lat' dir='ltr'><strong>tate</strong></span> <span class='ocrx_word' id='word_1_438' title='bbox 209 3732 243 3775; x_wconf 91' lang='lat' dir='ltr'><strong>ac</strong></span> <span class='ocrx_word' id='word_1_439' title='bbox 257 3716 386 3790; x_wconf 88' lang='lat' dir='ltr'><strong>puritate</strong></span> <span class='ocrx_word' id='word_1_440' title='bbox 403 3717 490 3773; x_wconf 86' lang='lat' dir='ltr'><strong>debet</strong></span> <span class='ocrx_word' id='word_1_441' title='bbox 501 3717 673 3774; x_wconf 90' lang='lat' dir='ltr'><strong>transeundi</strong></span> <span class='ocrx_word' id='word_1_442' title='bbox 690 3715 838 3773; x_wconf 87' lang='lat' dir='ltr'><strong>licentiam</strong></span> <span class='ocrx_word' id='word_1_443' title='bbox 854 3719 956 3789; x_wconf 55' lang='lat' dir='ltr'><strong>postu-¹</strong></span> <span class='ocrx_word' id='word_1_444' title='bbox 1009 3717 1166 3790; x_wconf 91' lang='lat' dir='ltr'><strong>episcopus</strong></span> <span class='ocrx_word' id='word_1_445' title='bbox 1176 3715 1256 3788; x_wconf 82' lang='lat' dir='ltr'><strong>Nigri</strong></span> <span class='ocrx_word' id='word_1_446' title='bbox 1260 3714 1355 3789; x_wconf 82' lang='lat' dir='ltr'><strong>pontis</strong></span> <span class='ocrx_word' id='word_1_447' title='bbox 1368 3714 1437 3773; x_wconf 86' lang='lat' dir='ltr'><strong>iecit</strong></span> <span class='ocrx_word' id='word_1_448' title='bbox 1450 3716 1668 3789; x_wconf 87' lang='lat' dir='ltr'><strong>conquestione</strong></span> <span class='ocrx_word' id='word_1_449' title='bbox 1680 3722 1838 3779; x_wconf 87' lang='lat' dir='ltr'><strong>monstrari</strong></span> 
     </span>
     <span class='ocr_line' id='line_1_42' title="bbox 133 3798 1841 3880; baseline 0.003 -17"><span class='ocrx_word' id='word_1_450' title='bbox 133 3807 206 3875; x_wconf 87' lang='lat' dir='ltr'><strong>lare,</strong></span> <span class='ocrx_word' id='word_1_451' title='bbox 222 3823 258 3864; x_wconf 89' lang='lat' dir='ltr'><strong>ne</strong></span> <span class='ocrx_word' id='word_1_452' title='bbox 270 3806 380 3863; x_wconf 90' lang='lat' dir='ltr'><strong>bouum</strong></span> <span class='ocrx_word' id='word_1_453' title='bbox 406 3806 579 3863; x_wconf 81' lang='lat' dir='ltr'><strong>obedientia</strong></span> <span class='ocrx_word' id='word_1_454' title='bbox 603 3809 789 3864; x_wconf 86' lang='lat' dir='ltr'><strong>contemnere</strong></span> <span class='ocrx_word' id='word_1_455' title='bbox 811 3805 956 3876; x_wconf 82' lang='lat' dir='ltr'><strong>rideatur,</strong></span> <span class='ocrx_word' id='word_1_456' title='bbox 1010 3806 1089 3880; x_wconf 88' lang='lat' dir='ltr'><strong>quod</strong></span> <span class='ocrx_word' id='word_1_457' title='bbox 1101 3798 1169 3863; x_wconf 88' lang='lat' dir='ltr'><strong>iicet</strong></span> <span class='ocrx_word' id='word_1_458' title='bbox 1179 3821 1277 3863; x_wconf 90' lang='lat' dir='ltr'><strong>coram</strong></span> <span class='ocrx_word' id='word_1_459' title='bbox 1290 3802 1396 3863; x_wconf 89' lang='lat' dir='ltr'><strong>dilecto</strong></span> <span class='ocrx_word' id='word_1_460' title='bbox 1407 3802 1468 3863; x_wconf 87' lang='lat' dir='ltr'><strong>illio</strong></span> <span class='ocrx_word' id='word_1_461' title='bbox 1484 3802 1645 3865; x_wconf 82' lang='lat' dir='ltr'><strong>benedicto</strong></span> <span class='ocrx_word' id='word_1_462' title='bbox 1661 3808 1747 3867; x_wconf 90' lang='lat' dir='ltr'><strong>tituli</strong></span> <span class='ocrx_word' id='word_1_463' title='bbox 1759 3816 1841 3869; x_wconf 86' lang='lat' dir='ltr'><strong>Sanc·</strong></span> 
     </span>
     <span class='ocr_line' id='line_1_43' title="bbox 132 3892 1840 3973; baseline 0.001 -19"><span class='ocrx_word' id='word_1_464' title='bbox 132 3898 175 3954; x_wconf 90' lang='lat' dir='ltr'><strong>sic</strong></span> <span class='ocrx_word' id='word_1_465' title='bbox 190 3896 319 3970; x_wconf 86' lang='lat' dir='ltr'><strong>proiecto</strong></span> <span class='ocrx_word' id='word_1_466' title='bbox 335 3896 474 3969; x_wconf 81' lang='lat' dir='ltr'><strong>prelatus</strong></span> <span class='ocrx_word' id='word_1_467' title='bbox 493 3896 614 3952; x_wconf 85' lang='lat' dir='ltr'><strong>subdito</strong></span> <span class='ocrx_word' id='word_1_468' title='bbox 639 3895 703 3953; x_wconf 89' lang='lat' dir='ltr'><strong>sine</strong></span> <span class='ocrx_word' id='word_1_469' title='bbox 726 3893 901 3952; x_wconf 89' lang='lat' dir='ltr'><strong>diitlcuitate</strong></span> <span class='ocrx_word' id='word_1_470' title='bbox 923 3911 957 3953; x_wconf 90' lang='lat' dir='ltr'><strong>ac</strong></span> <span class='ocrx_word' id='word_1_471' title='bbox 1010 3899 1047 3953; x_wconf 83' lang='lat' dir='ltr'><strong>ta</strong></span> <span class='ocrx_word' id='word_1_472' title='bbox 1062 3896 1205 3954; x_wconf 77' lang='lat' dir='ltr'><strong>Susanna</strong></span> <span class='ocrx_word' id='word_1_473' title='bbox 1217 3894 1386 3967; x_wconf 78' lang='lat' dir='ltr'><strong>presbytero</strong></span> <span class='ocrx_word' id='word_1_474' title='bbox 1399 3892 1548 3951; x_wconf 90' lang='lat' dir='ltr'><strong>cardinale</strong></span> <span class='ocrx_word' id='word_1_475' title='bbox 1571 3900 1650 3954; x_wconf 90' lang='lat' dir='ltr'><strong>tuno</strong></span> <span class='ocrx_word' id='word_1_476' title='bbox 1675 3900 1840 3973; x_wconf 83' lang='lat' dir='ltr'><strong>apostolica</strong></span> 
     </span>
     <span class='ocr_line' id='line_1_44' title="bbox 130 3982 1842 4060; baseline 0.002 -16"><span class='ocrx_word' id='word_1_477' title='bbox 130 3986 274 4060; x_wconf 85' lang='lat' dir='ltr'><strong>pravitate</strong></span> <span class='ocrx_word' id='word_1_478' title='bbox 284 3985 371 4042; x_wconf 89' lang='lat' dir='ltr'><strong>debet</strong></span> <span class='ocrx_word' id='word_1_479' title='bbox 381 3985 440 4059; x_wconf 84' lang='grc'>(97)</span> <span class='ocrx_word' id='word_1_480' title='bbox 450 3986 622 4041; x_wconf 88' lang='lat' dir='ltr'><strong>transeundi</strong></span> <span class='ocrx_word' id='word_1_481' title='bbox 633 3983 955 4058; x_wconf 81' lang='lat' dir='ltr'><strong>licentiamiudulgere,</strong></span> <span class='ocrx_word' id='word_1_482' title='bbox 1011 3982 1090 4046; x_wconf 90' lang='lat' dir='ltr'><strong>sedis</strong></span> <span class='ocrx_word' id='word_1_483' title='bbox 1100 3986 1196 4060; x_wconf 78' lang='lat' dir='ltr'><strong>legato</strong></span> <span class='ocrx_word' id='word_1_484' title='bbox 1208 3990 1400 4043; x_wconf 83' lang='lat' dir='ltr'><strong>sacrosancta</strong></span> <span class='ocrx_word' id='word_1_485' title='bbox 1415 3983 1551 4043; x_wconf 80' lang='lat' dir='ltr'><strong>itomane</strong></span> <span class='ocrx_word' id='word_1_486' title='bbox 1562 3982 1708 4047; x_wconf 77' lang='lat' dir='ltr'><strong>Ecclesia</strong></span> <span class='ocrx_word' id='word_1_487' title='bbox 1724 3991 1842 4049; x_wconf 89' lang='lat' dir='ltr'><strong>canoni·</strong></span> 
     </span>
     <span class='ocr_line' id='line_1_45' title="bbox 132 4074 1843 4157; baseline 0.004 -23"><span class='ocrx_word' id='word_1_488' title='bbox 132 4092 169 4134; x_wconf 90' lang='lat' dir='ltr'><strong>ne</strong></span> <span class='ocrx_word' id='word_1_489' title='bbox 178 4076 314 4133; x_wconf 83' lang='lat' dir='ltr'><strong>uideatur</strong></span> <span class='ocrx_word' id='word_1_490' title='bbox 323 4074 509 4150; x_wconf 86' lang='lat' dir='ltr'><strong>propositum</strong></span> <span class='ocrx_word' id='word_1_491' title='bbox 520 4074 663 4148; x_wconf 88' lang='lat' dir='ltr'><strong>impedire</strong></span> <span class='ocrx_word' id='word_1_492' title='bbox 673 4074 816 4133; x_wconf 83' lang='lat' dir='ltr'><strong>divinitus</strong></span> <span class='ocrx_word' id='word_1_493' title='bbox 830 4075 958 4151; x_wconf 60' lang='lat' dir='ltr'><strong>inspiras</strong></span> <span class='ocrx_word' id='word_1_494' title='bbox 1010 4092 1075 4134; x_wconf 88' lang='lat' dir='ltr'><strong>cam</strong></span> <span class='ocrx_word' id='word_1_495' title='bbox 1086 4074 1281 4134; x_wconf 90' lang='lat' dir='ltr'><strong>obedientiam</strong></span> <span class='ocrx_word' id='word_1_496' title='bbox 1293 4075 1462 4148; x_wconf 89' lang='lat' dir='ltr'><strong>promiserit</strong></span> <span class='ocrx_word' id='word_1_497' title='bbox 1474 4074 1612 4135; x_wconf 86' lang='lat' dir='ltr'><strong>exhibere</strong></span> <span class='ocrx_word' id='word_1_498' title='bbox 1621 4082 1759 4152; x_wconf 76' lang='lat' dir='ltr'><strong>prestito</strong></span> <span class='ocrx_word' id='word_1_499' title='bbox 1767 4084 1843 4157; x_wconf 76' lang='lat' dir='ltr'><strong>jura·</strong></span> 
     </span>
     <span class='ocr_line' id='line_1_46' title="bbox 129 4163 1840 4242; baseline 0.005 -20"><span class='ocrx_word' id='word_1_500' title='bbox 129 4171 206 4224; x_wconf 89' lang='lat' dir='ltr'><strong>tum.</strong></span> <span class='ocrx_word' id='word_1_501' title='bbox 219 4166 248 4221; x_wconf 83' lang='lat' dir='ltr'><strong>ai</strong></span> <span class='ocrx_word' id='word_1_502' title='bbox 257 4181 325 4223; x_wconf 87' lang='lat' dir='ltr'><strong>varo</strong></span> <span class='ocrx_word' id='word_1_503' title='bbox 336 4163 528 4239; x_wconf 88' lang='lat' dir='ltr'><strong>probabiliter</strong></span> <span class='ocrx_word' id='word_1_504' title='bbox 539 4163 690 4223; x_wconf 90' lang='lat' dir='ltr'><strong>dubitetur</strong></span> <span class='ocrx_word' id='word_1_505' title='bbox 699 4167 798 4222; x_wconf 91' lang='lat' dir='ltr'><strong>utrum</strong></span> <span class='ocrx_word' id='word_1_506' title='bbox 809 4167 875 4240; x_wconf 90' lang='lat' dir='ltr'><strong>quls</strong></span> <span class='ocrx_word' id='word_1_507' title='bbox 889 4165 959 4224; x_wconf 83' lang='lat' dir='ltr'><strong>uelit</strong></span> <span class='ocrx_word' id='word_1_508' title='bbox 1010 4170 1121 4238; x_wconf 87' lang='lat' dir='ltr'><strong>mento,</strong></span> <span class='ocrx_word' id='word_1_509' title='bbox 1137 4169 1166 4222; x_wconf 89' lang='lat' dir='ltr'><strong>et</strong></span> <span class='ocrx_word' id='word_1_510' title='bbox 1179 4165 1257 4222; x_wconf 90' lang='lat' dir='ltr'><strong>idem</strong></span> <span class='ocrx_word' id='word_1_511' title='bbox 1271 4163 1387 4238; x_wconf 81' lang='lat' dir='ltr'><strong>legatus</strong></span> <span class='ocrx_word' id='word_1_512' title='bbox 1401 4163 1607 4239; x_wconf 89' lang='lat' dir='ltr'><strong>episcopatum</strong></span> <span class='ocrx_word' id='word_1_513' title='bbox 1623 4166 1730 4242; x_wconf 89' lang='lat' dir='ltr'><strong>ipsum</strong></span> <span class='ocrx_word' id='word_1_514' title='bbox 1744 4176 1840 4230; x_wconf 89' lang='lat' dir='ltr'><strong>aucto·</strong></span> 
     </span>
     <span class='ocr_line' id='line_1_47' title="bbox 132 4252 1842 4337; baseline 0.003 -23"><span class='ocrx_word' id='word_1_515' title='bbox 132 4256 169 4313; x_wconf 92' lang='lat' dir='ltr'><strong>ad</strong></span> <span class='ocrx_word' id='word_1_516' title='bbox 183 4256 316 4314; x_wconf 90' lang='lat' dir='ltr'><strong>ordinem</strong></span> <span class='ocrx_word' id='word_1_517' title='bbox 331 4254 485 4312; x_wconf 91' lang='lat' dir='ltr'><strong>arctiorem</strong></span> <span class='ocrx_word' id='word_1_518' title='bbox 501 4269 538 4311; x_wconf 90' lang='lat' dir='ltr'><strong>sn</strong></span> <span class='ocrx_word' id='word_1_519' title='bbox 554 4254 693 4312; x_wconf 83' lang='lat' dir='ltr'><strong>laxiorem</strong></span> <span class='ocrx_word' id='word_1_520' title='bbox 709 4271 744 4312; x_wconf 88' lang='lat' dir='ltr'><strong>ex</strong></span> <span class='ocrx_word' id='word_1_521' title='bbox 758 4255 899 4314; x_wconf 84' lang='lat' dir='ltr'><strong>eherii-ate</strong></span> <span class='ocrx_word' id='word_1_522' title='bbox 919 4272 956 4314; x_wconf 86' lang='lat' dir='ltr'><strong>an</strong></span> <span class='ocrx_word' id='word_1_523' title='bbox 1011 4257 1096 4314; x_wconf 89' lang='lat' dir='ltr'><strong>ritate</strong></span> <span class='ocrx_word' id='word_1_524' title='bbox 1107 4268 1167 4330; x_wconf 89' lang='lat' dir='ltr'><strong>qua</strong></span> <span class='ocrx_word' id='word_1_525' title='bbox 1185 4252 1363 4328; x_wconf 80' lang='lat' dir='ltr'><strong>fungebatur</strong></span> <span class='ocrx_word' id='word_1_526' title='bbox 1373 4254 1553 4311; x_wconf 88' lang='lat' dir='ltr'><strong>eoniirmsrit</strong></span> <span class='ocrx_word' id='word_1_527' title='bbox 1568 4254 1680 4329; x_wconf 88' lang='lat' dir='ltr'><strong>cidem,</strong></span> <span class='ocrx_word' id='word_1_528' title='bbox 1698 4260 1842 4337; x_wconf 87' lang='lat' dir='ltr'><strong>archiepi-</strong></span> 
     </span>
     <span class='ocr_line' id='line_1_48' title="bbox 134 4343 1840 4424; baseline 0.003 -20"><span class='ocrx_word' id='word_1_529' title='bbox 134 4363 169 4404; x_wconf 74' lang='grc' dir='ltr'><strong>ει</strong></span> <span class='ocrx_word' id='word_1_530' title='bbox 184 4346 350 4403; x_wconf 87' lang='lat' dir='ltr'><strong>temeritate</strong></span> <span class='ocrx_word' id='word_1_531' title='bbox 365 4343 503 4412; x_wconf 88' lang='lat' dir='ltr'><strong>transire,</strong></span> <span class='ocrx_word' id='word_1_532' title='bbox 515 4343 676 4417; x_wconf 90' lang='lat' dir='ltr'><strong>superioris</strong></span> <span class='ocrx_word' id='word_1_533' title='bbox 690 4347 735 4401; x_wconf 89' lang='lat' dir='ltr'><strong>est</strong></span> <span class='ocrx_word' id='word_1_534' title='bbox 745 4345 892 4419; x_wconf 74' lang='lat' dir='ltr'><strong>iudicium</strong></span> <span class='ocrx_word' id='word_1_535' title='bbox 908 4362 957 4403; x_wconf 88' lang='lat' dir='ltr'><strong>re-</strong></span> <span class='ocrx_word' id='word_1_536' title='bbox 1010 4361 1118 4420; x_wconf 90' lang='lat' dir='ltr'><strong>scopus</strong></span> <span class='ocrx_word' id='word_1_537' title='bbox 1133 4349 1233 4402; x_wconf 89' lang='lat' dir='ltr'><strong>tamen</strong></span> <span class='ocrx_word' id='word_1_538' title='bbox 1247 4343 1435 4401; x_wconf 79' lang='lat' dir='ltr'><strong>Atheniensis</strong></span> <span class='ocrx_word' id='word_1_539' title='bbox 1458 4344 1711 4419; x_wconf 90' lang='lat' dir='ltr'><strong>metropolitanus</strong></span> <span class='ocrx_word' id='word_1_540' title='bbox 1737 4352 1840 4424; x_wconf 84' lang='lat' dir='ltr'><strong>ipsius,</strong></span> 
     </span>
     <span class='ocr_line' id='line_1_49' title="bbox 137 4418 1841 4512; baseline 0.002 -18"><span class='ocrx_word' id='word_1_541' title='bbox 137 4435 324 4510; x_wconf 87' lang='lat' dir='ltr'><strong>quirendum,</strong></span> <span class='ocrx_word' id='word_1_542' title='bbox 338 4450 375 4491; x_wconf 91' lang='lat' dir='ltr'><strong>ne</strong></span> <span class='ocrx_word' id='word_1_543' title='bbox 391 4435 464 4492; x_wconf 88' lang='lat' dir='ltr'><strong>torte</strong></span> <span class='ocrx_word' id='word_1_544' title='bbox 479 4433 602 4507; x_wconf 81' lang='lat' dir='ltr'><strong>angelus</strong></span> <span class='ocrx_word' id='word_1_545' title='bbox 618 4433 732 4490; x_wconf 80' lang='lat' dir='ltr'><strong>Baianas</strong></span> <span class='ocrx_word' id='word_1_546' title='bbox 751 4433 781 4491; x_wconf 91' lang='lat' dir='ltr'><strong>in</strong></span> <span class='ocrx_word' id='word_1_547' title='bbox 806 4435 880 4492; x_wconf 89' lang='lat' dir='ltr'><strong>lueis</strong></span> <span class='ocrx_word' id='word_1_548' title='bbox 905 4452 958 4493; x_wconf 90' lang='lat' dir='ltr'><strong>aa·</strong></span> <span class='ocrx_word' id='word_1_549' title='bbox 974 4418 998 4485; x_wconf 81' lang='grc' dir='ltr'><strong>Ῑ)</strong></span> <span class='ocrx_word' id='word_1_550' title='bbox 1012 4435 1164 4493; x_wconf 91' lang='lat' dir='ltr'><strong>occasione</strong></span> <span class='ocrx_word' id='word_1_551' title='bbox 1175 4437 1371 4505; x_wconf 86' lang='lat' dir='ltr'><strong>assumptaex</strong></span> <span class='ocrx_word' id='word_1_552' title='bbox 1382 4449 1415 4491; x_wconf 90' lang='lat' dir='ltr'><strong>ec</strong></span> <span class='ocrx_word' id='word_1_553' title='bbox 1426 4435 1502 4507; x_wconf 89' lang='lat' dir='ltr'><strong>quod</strong></span> <span class='ocrx_word' id='word_1_554' title='bbox 1515 4434 1591 4491; x_wconf 85' lang='lat' dir='ltr'><strong>idern</strong></span> <span class='ocrx_word' id='word_1_555' title='bbox 1602 4435 1713 4512; x_wconf 76' lang='lat' dir='ltr'><strong>inungi</strong></span> <span class='ocrx_word' id='word_1_556' title='bbox 1727 4440 1841 4498; x_wconf 90' lang='lat' dir='ltr'><strong>nolebat</strong></span> 
     </span>
     <span class='ocr_line' id='line_1_50' title="bbox 138 4522 1839 4602; baseline 0.003 -20"><span class='ocrx_word' id='word_1_557' title='bbox 138 4525 237 4599; x_wconf 76' lang='lat' dir='ltr'><strong>gelum</strong></span> <span class='ocrx_word' id='word_1_558' title='bbox 252 4538 284 4580; x_wconf 92' lang='lat' dir='ltr'><strong>se</strong></span> <span class='ocrx_word' id='word_1_559' title='bbox 297 4524 511 4594; x_wconf 79' lang='lat' dir='ltr'><strong>transformet3</strong></span> <span class='ocrx_word' id='word_1_560' title='bbox 526 4522 577 4580; x_wconf 89' lang='lat' dir='ltr'><strong>iila</strong></span> <span class='ocrx_word' id='word_1_561' title='bbox 590 4538 708 4596; x_wconf 90' lang='lat' dir='ltr'><strong>semper</strong></span> <span class='ocrx_word' id='word_1_562' title='bbox 720 4523 823 4597; x_wconf 83' lang='lat' dir='ltr'><strong>reguis</strong></span> <span class='ocrx_word' id='word_1_563' title='bbox 836 4523 958 4583; x_wconf 71' lang='lat' dir='ltr'><strong>inuiola-</strong></span> <span class='ocrx_word' id='word_1_564' title='bbox 1010 4525 1097 4600; x_wconf 75' lang='lat' dir='ltr'><strong>Juxta</strong></span> <span class='ocrx_word' id='word_1_565' title='bbox 1112 4522 1360 4582; x_wconf 89' lang='lat' dir='ltr'><strong>consuetudinem</strong></span> <span class='ocrx_word' id='word_1_566' title='bbox 1385 4523 1554 4581; x_wconf 86' lang='lat' dir='ltr'><strong>Latinorum</strong></span> <span class='ocrx_word' id='word_1_567' title='bbox 1578 4524 1650 4599; x_wconf 80' lang='grc'><strong>(98),</strong></span> <span class='ocrx_word' id='word_1_568' title='bbox 1676 4532 1839 4602; x_wconf 80' lang='lat' dir='ltr'><strong>presertim</strong></span> 
     </span>
     <span class='ocr_line' id='line_1_51' title="bbox 138 4608 1838 4689; baseline 0.004 -19"><span class='ocrx_word' id='word_1_569' title='bbox 138 4613 237 4671; x_wconf 91' lang='lat' dir='ltr'><strong>biliter</strong></span> <span class='ocrx_word' id='word_1_570' title='bbox 246 4612 409 4678; x_wconf 83' lang='lat' dir='ltr'><strong>observate,</strong></span> <span class='ocrx_word' id='word_1_571' title='bbox 425 4615 458 4668; x_wconf 91' lang='lat' dir='ltr'><strong>ut</strong></span> <span class='ocrx_word' id='word_1_572' title='bbox 470 4610 572 4668; x_wconf 90' lang='lat' dir='ltr'><strong>nuilus</strong></span> <span class='ocrx_word' id='word_1_573' title='bbox 582 4611 696 4685; x_wconf 88' lang='lat' dir='ltr'><strong>absque</strong></span> <span class='ocrx_word' id='word_1_574' title='bbox 706 4612 826 4669; x_wconf 90' lang='lat' dir='ltr'><strong>licentia</strong></span> <span class='ocrx_word' id='word_1_575' title='bbox 835 4614 958 4670; x_wconf 80' lang='lat' dir='ltr'><strong>Romani</strong></span> <span class='ocrx_word' id='word_1_576' title='bbox 1014 4626 1081 4671; x_wconf 92' lang='lat' dir='ltr'><strong>cum</strong></span> <span class='ocrx_word' id='word_1_577' title='bbox 1092 4608 1170 4671; x_wconf 91' lang='lat' dir='ltr'><strong>idem</strong></span> <span class='ocrx_word' id='word_1_578' title='bbox 1180 4611 1417 4687; x_wconf 88' lang='lat' dir='ltr'><strong>archiepiscopus</strong></span> <span class='ocrx_word' id='word_1_579' title='bbox 1429 4613 1602 4670; x_wconf 88' lang='lat' dir='ltr'><strong>mandatum</strong></span> <span class='ocrx_word' id='word_1_580' title='bbox 1611 4630 1705 4689; x_wconf 91' lang='lat' dir='ltr'><strong>super</strong></span> <span class='ocrx_word' id='word_1_581' title='bbox 1715 4617 1775 4678; x_wconf 87' lang='lat' dir='ltr'><strong>boc</strong></span> <span class='ocrx_word' id='word_1_582' title='bbox 1786 4638 1838 4679; x_wconf 88' lang='lat' dir='ltr'><strong>non</strong></span> 
     </span>
     <span class='ocr_line' id='line_1_52' title="bbox 140 4700 1838 4778; baseline 0.006 -19"><span class='ocrx_word' id='word_1_583' title='bbox 140 4700 289 4777; x_wconf 83' lang='lat' dir='ltr'><strong>pontilicis</strong></span> <span class='ocrx_word' id='word_1_584' title='bbox 299 4700 622 4772; x_wconf 85' lang='lat' dir='ltr'><strong>presumatocoasione</strong></span> <span class='ocrx_word' id='word_1_585' title='bbox 636 4714 811 4774; x_wconf 80' lang='lat' dir='ltr'><strong>quacunque</strong></span> <span class='ocrx_word' id='word_1_586' title='bbox 826 4702 960 4760; x_wconf 90' lang='lat' dir='ltr'><strong>deserere</strong></span> <span class='ocrx_word' id='word_1_587' title='bbox 1013 4702 1135 4760; x_wconf 87' lang='lat' dir='ltr'><strong>baberet</strong></span> <span class='ocrx_word' id='word_1_588' title='bbox 1147 4701 1341 4777; x_wconf 90' lang='lat' dir='ltr'><strong>apostolicum</strong></span> <span class='ocrx_word' id='word_1_589' title='bbox 1357 4701 1495 4776; x_wconf 87' lang='lat' dir='ltr'><strong>speciale,</strong></span> <span class='ocrx_word' id='word_1_590' title='bbox 1511 4702 1609 4776; x_wconf 82' lang='lat' dir='ltr'><strong>ipsum</strong></span> <span class='ocrx_word' id='word_1_591' title='bbox 1622 4720 1678 4778; x_wconf 89' lang='lat' dir='ltr'><strong>pro</strong></span> <span class='ocrx_word' id='word_1_592' title='bbox 1703 4726 1771 4769; x_wconf 72' lang='lat' dir='ltr'><strong>suaa</strong></span> <span class='ocrx_word' id='word_1_593' title='bbox 1793 4728 1838 4769; x_wconf 82' lang='lat' dir='ltr'><strong>uc·</strong></span> 
     </span>
     <span class='ocr_line' id='line_1_53' title="bbox 139 4788 1838 4869; baseline 0.006 -21"><span class='ocrx_word' id='word_1_594' title='bbox 139 4788 343 4867; x_wconf 86' lang='lat' dir='ltr'><strong>presulatum,</strong></span> <span class='ocrx_word' id='word_1_595' title='bbox 367 4789 505 4861; x_wconf 83' lang='lat' dir='ltr'><strong>quoniam</strong></span> <span class='ocrx_word' id='word_1_596' title='bbox 521 4789 599 4847; x_wconf 91' lang='lat' dir='ltr'><strong>sicut</strong></span> <span class='ocrx_word' id='word_1_597' title='bbox 618 4791 714 4862; x_wconf 81' lang='lat' dir='ltr'><strong>majus</strong></span> <span class='ocrx_word' id='word_1_598' title='bbox 726 4790 839 4850; x_wconf 90' lang='lat' dir='ltr'><strong>bonum</strong></span> <span class='ocrx_word' id='word_1_599' title='bbox 854 4791 959 4849; x_wconf 86' lang='lat' dir='ltr'><strong>minori</strong></span> <span class='ocrx_word' id='word_1_600' title='bbox 1013 4790 1137 4849; x_wconf 86' lang='lat' dir='ltr'><strong>luntatis</strong></span> <span class='ocrx_word' id='word_1_601' title='bbox 1148 4788 1269 4848; x_wconf 90' lang='lat' dir='ltr'><strong>arbitrio</strong></span> <span class='ocrx_word' id='word_1_602' title='bbox 1279 4793 1467 4865; x_wconf 80' lang='lat' dir='ltr'><strong>presumpsit</strong></span> <span class='ocrx_word' id='word_1_603' title='bbox 1475 4790 1729 4869; x_wconf 68' lang='lat' dir='ltr'><strong>destituereturis</strong></span> <span class='ocrx_word' id='word_1_604' title='bbox 1740 4800 1838 4858; x_wconf 86' lang='lat' dir='ltr'><strong>ordina</strong></span> 
     </span>
     <span class='ocr_line' id='line_1_54' title="bbox 136 4876 1838 4963; baseline 0.005 -22"><span class='ocrx_word' id='word_1_605' title='bbox 136 4884 216 4941; x_wconf 93' lang='lat' dir='ltr'><strong>bono</strong></span> <span class='ocrx_word' id='word_1_606' title='bbox 237 4876 429 4955; x_wconf 81' lang='lat' dir='ltr'><strong>preponitur,</strong></span> <span class='ocrx_word' id='word_1_607' title='bbox 453 4877 494 4934; x_wconf 90' lang='lat' dir='ltr'><strong>ita</strong></span> <span class='ocrx_word' id='word_1_608' title='bbox 514 4879 680 4936; x_wconf 90' lang='lat' dir='ltr'><strong>communia</strong></span> <span class='ocrx_word' id='word_1_609' title='bbox 704 4878 816 4937; x_wconf 90' lang='lat' dir='ltr'><strong>utilitas</strong></span> <span class='ocrx_word' id='word_1_610' title='bbox 839 4881 960 4954; x_wconf 89' lang='lat' dir='ltr'><strong>speciaii</strong></span> <span class='ocrx_word' id='word_1_611' title='bbox 1014 4882 1220 4962; x_wconf 81' lang='lat' dir='ltr'><strong>pretermisso,</strong></span> <span class='ocrx_word' id='word_1_612' title='bbox 1236 4886 1266 4939; x_wconf 90' lang='lat' dir='ltr'><strong>et</strong></span> <span class='ocrx_word' id='word_1_613' title='bbox 1280 4881 1370 4940; x_wconf 90' lang='lat' dir='ltr'><strong>atium</strong></span> <span class='ocrx_word' id='word_1_614' title='bbox 1386 4882 1415 4939; x_wconf 90' lang='lat' dir='ltr'><strong>lu</strong></span> <span class='ocrx_word' id='word_1_615' title='bbox 1432 4882 1605 4959; x_wconf 89' lang='lat' dir='ltr'><strong>episcopum</strong></span> <span class='ocrx_word' id='word_1_616' title='bbox 1621 4885 1681 4947; x_wconf 89' lang='lat' dir='ltr'><strong>loci</strong></span> <span class='ocrx_word' id='word_1_617' title='bbox 1706 4892 1838 4963; x_wconf 74' lang='lat' dir='ltr'><strong>eiusdem</strong></span> 
     </span>
     <span class='ocr_line' id='line_1_55' title="bbox 137 4967 1839 5048; baseline 0.005 -18"><span class='ocrx_word' id='word_1_618' title='bbox 137 4971 259 5031; x_wconf 83' lang='lat' dir='ltr'><strong>utilitati</strong></span> <span class='ocrx_word' id='word_1_619' title='bbox 274 4969 469 5044; x_wconf 72' lang='lat' dir='ltr'><strong>protertunat</strong></span> <span class='ocrx_word' id='word_1_620' title='bbox 480 4967 510 5023; x_wconf 93' lang='lat' dir='ltr'><strong>lu</strong></span> <span class='ocrx_word' id='word_1_621' title='bbox 535 4968 590 5025; x_wconf 90' lang='lat' dir='ltr'><strong>hoc</strong></span> <span class='ocrx_word' id='word_1_622' title='bbox 605 4983 674 5025; x_wconf 88' lang='lat' dir='ltr'><strong>casu</strong></span> <span class='ocrx_word' id='word_1_623' title='bbox 690 4972 767 5026; x_wconf 89' lang='lat' dir='ltr'><strong>reete</strong></span> <span class='ocrx_word' id='word_1_624' title='bbox 782 4970 961 5044; x_wconf 80' lang='lat' dir='ltr'><strong>preponitur</strong></span> <span class='ocrx_word' id='word_1_625' title='bbox 1014 4972 1082 5048; x_wconf 80' lang='lat' dir='ltr'><strong>siigi</strong></span> <span class='ocrx_word' id='word_1_626' title='bbox 1097 4973 1166 5031; x_wconf 87' lang='lat' dir='ltr'><strong>tecit</strong></span> <span class='ocrx_word' id='word_1_627' title='bbox 1177 4974 1207 5030; x_wconf 90' lang='lat' dir='ltr'><strong>iu</strong></span> <span class='ocrx_word' id='word_1_628' title='bbox 1222 4973 1287 5044; x_wconf 79' lang='lat' dir='ltr'><strong>ejus</strong></span> <span class='ocrx_word' id='word_1_629' title='bbox 1301 4972 1501 5045; x_wconf 73' lang='lat' dir='ltr'><strong>preludicium</strong></span> <span class='ocrx_word' id='word_1_630' title='bbox 1516 4978 1545 5032; x_wconf 89' lang='lat' dir='ltr'><strong>et</strong></span> <span class='ocrx_word' id='word_1_631' title='bbox 1568 4993 1744 5047; x_wconf 77' lang='lat' dir='ltr'><strong>gravamen.</strong></span> <span class='ocrx_word' id='word_1_632' title='bbox 1770 4986 1839 5041; x_wconf 82' lang='lat' dir='ltr'><strong>Cum</strong></span> 
     </span>
     <span class='ocr_line' id='line_1_56' title="bbox 138 5056 1841 5143; baseline 0.004 -23"><span class='ocrx_word' id='word_1_633' title='bbox 138 5061 272 5120; x_wconf 88' lang='lat' dir='ltr'><strong>doctrina</strong></span> <span class='ocrx_word' id='word_1_634' title='bbox 285 5058 414 5126; x_wconf 87' lang='lat' dir='ltr'><strong>silentio,</strong></span> <span class='ocrx_word' id='word_1_635' title='bbox 429 5056 597 5115; x_wconf 89' lang='lat' dir='ltr'><strong>sollicitudo</strong></span> <span class='ocrx_word' id='word_1_636' title='bbox 610 5058 859 5133; x_wconf 71' lang='lat' dir='ltr'><strong>conmmpiationi,</strong></span> <span class='ocrx_word' id='word_1_637' title='bbox 872 5063 902 5118; x_wconf 91' lang='lat' dir='ltr'><strong>et</strong></span> <span class='ocrx_word' id='word_1_638' title='bbox 917 5060 959 5119; x_wconf 89' lang='lat' dir='ltr'><strong>ia·</strong></span> <span class='ocrx_word' id='word_1_639' title='bbox 1014 5063 1106 5138; x_wconf 81' lang='lat' dir='ltr'><strong>igitur</strong></span> <span class='ocrx_word' id='word_1_640' title='bbox 1116 5062 1214 5121; x_wconf 88' lang='lat' dir='ltr'><strong>dictus</strong></span> <span class='ocrx_word' id='word_1_641' title='bbox 1229 5061 1386 5135; x_wconf 89' lang='lat' dir='ltr'><strong>episcopus</strong></span> <span class='ocrx_word' id='word_1_642' title='bbox 1400 5064 1459 5118; x_wconf 89' lang='lat' dir='ltr'><strong>tam</strong></span> <span class='ocrx_word' id='word_1_643' title='bbox 1473 5062 1558 5121; x_wconf 89' lang='lat' dir='ltr'><strong>nobis</strong></span> <span class='ocrx_word' id='word_1_644' title='bbox 1573 5081 1665 5138; x_wconf 89' lang='lat' dir='ltr'><strong>quam</strong></span> <span class='ocrx_word' id='word_1_645' title='bbox 1679 5068 1739 5143; x_wconf 88' lang='lat' dir='ltr'><strong>ipsi</strong></span> <span class='ocrx_word' id='word_1_646' title='bbox 1751 5072 1841 5129; x_wconf 79' lang='lat' dir='ltr'><strong>arabi·</strong></span> 
     </span>
     <span class='ocr_line' id='line_1_57' title="bbox 139 5147 1841 5227; baseline 0.006 -19"><span class='ocrx_word' id='word_1_647' title='bbox 139 5153 192 5208; x_wconf 91' lang='lat' dir='ltr'><strong>bor</strong></span> <span class='ocrx_word' id='word_1_648' title='bbox 206 5149 308 5224; x_wconf 88' lang='lat' dir='ltr'><strong>quieti.</strong></span> <span class='ocrx_word' id='word_1_649' title='bbox 323 5148 366 5205; x_wconf 82' lang='lat' dir='ltr'><strong>Ad</strong></span> <span class='ocrx_word' id='word_1_650' title='bbox 381 5148 459 5220; x_wconf 88' lang='lat' dir='ltr'><strong>quod</strong></span> <span class='ocrx_word' id='word_1_651' title='bbox 475 5147 579 5220; x_wconf 90' lang='lat' dir='ltr'><strong>utique</strong></span> <span class='ocrx_word' id='word_1_652' title='bbox 593 5147 810 5221; x_wconf 81' lang='lat' dir='ltr'><strong>designandum</strong></span> <span class='ocrx_word' id='word_1_653' title='bbox 826 5150 960 5224; x_wconf 84' lang='lat' dir='ltr'><strong>unigeni·</strong></span> <span class='ocrx_word' id='word_1_654' title='bbox 1014 5154 1151 5227; x_wconf 88' lang='lat' dir='ltr'><strong>episcopo</strong></span> <span class='ocrx_word' id='word_1_655' title='bbox 1165 5154 1288 5224; x_wconf 87' lang='lat' dir='ltr'><strong>paratus</strong></span> <span class='ocrx_word' id='word_1_656' title='bbox 1303 5150 1353 5225; x_wconf 90' lang='lat' dir='ltr'><strong>sit,</strong></span> <span class='ocrx_word' id='word_1_657' title='bbox 1367 5149 1446 5209; x_wconf 89' lang='lat' dir='ltr'><strong>sicut</strong></span> <span class='ocrx_word' id='word_1_658' title='bbox 1459 5152 1758 5222; x_wconf 87' lang='lat' dir='ltr'><strong>asserit,eanonicum</strong></span> <span class='ocrx_word' id='word_1_659' title='bbox 1774 5163 1841 5218; x_wconf 90' lang='lat' dir='ltr'><strong>obe·</strong></span> 
     </span>
    </p>
   </div>
   <div class='ocr_carea' id='block_1_8' title="bbox 139 5237 1838 5415">
    <p class='ocr_par' dir='ltr' id='par_1_12' title="bbox 139 5237 1838 5415">
     <span class='ocr_line' id='line_1_58' title="bbox 139 5237 1838 5326; baseline 0.008 -30"><span class='ocrx_word' id='word_1_660' title='bbox 139 5245 189 5296; x_wconf 90' lang='lat' dir='ltr'><strong>tus</strong></span> <span class='ocrx_word' id='word_1_661' title='bbox 199 5239 249 5296; x_wconf 88' lang='lat' dir='ltr'><strong>Dei</strong></span> <span class='ocrx_word' id='word_1_662' title='bbox 262 5239 353 5295; x_wconf 82' lang='lat' dir='ltr'><strong>Filius</strong></span> <span class='ocrx_word' id='word_1_663' title='bbox 363 5242 450 5295; x_wconf 85' lang='lat' dir='ltr'><strong>lesus</strong></span> <span class='ocrx_word' id='word_1_664' title='bbox 460 5237 593 5295; x_wconf 77' lang='lat' dir='ltr'><strong>Christus</strong></span> <span class='ocrx_word' id='word_1_665' title='bbox 604 5255 662 5295; x_wconf 91' lang='lat' dir='ltr'><strong>non</strong></span> <span class='ocrx_word' id='word_1_666' title='bbox 675 5241 710 5296; x_wconf 90' lang='lat' dir='ltr'><strong>de</strong></span> <span class='ocrx_word' id='word_1_667' title='bbox 721 5240 844 5298; x_wconf 85' lang='lat' dir='ltr'><strong>Rachele</strong></span> <span class='ocrx_word' id='word_1_668' title='bbox 856 5258 960 5298; x_wconf 87' lang='lat' dir='ltr'><strong>secun·</strong></span> <span class='ocrx_word' id='word_1_669' title='bbox 1015 5241 1154 5300; x_wconf 88' lang='lat' dir='ltr'><strong>dientiam</strong></span> <span class='ocrx_word' id='word_1_670' title='bbox 1168 5240 1315 5312; x_wconf 84' lang='lat' dir='ltr'><strong>exhibere,</strong></span> <span class='ocrx_word' id='word_1_671' title='bbox 1330 5240 1498 5298; x_wconf 91' lang='lat' dir='ltr'><strong>discretioni</strong></span> <span class='ocrx_word' id='word_1_672' title='bbox 1517 5246 1620 5301; x_wconf 83' lang='lat' dir='ltr'><strong>vestra</strong></span> <span class='ocrx_word' id='word_1_673' title='bbox 1644 5263 1700 5320; x_wconf 91' lang='lat' dir='ltr'><strong>per</strong></span> <span class='ocrx_word' id='word_1_674' title='bbox 1725 5257 1838 5326; x_wconf 89' lang='lat' dir='ltr'><strong>aposto·</strong></span> 
     </span>
     <span class='ocr_line' id='line_1_59' title="bbox 143 5328 1838 5415; baseline 0.005 -28"><span class='ocrx_word' id='word_1_675' title='bbox 143 5330 214 5387; x_wconf 90' lang='lat' dir='ltr'><strong>dum</strong></span> <span class='ocrx_word' id='word_1_676' title='bbox 230 5344 347 5385; x_wconf 89' lang='lat' dir='ltr'><strong>carnem</strong></span> <span class='ocrx_word' id='word_1_677' title='bbox 363 5333 450 5386; x_wconf 91' lang='lat' dir='ltr'><strong>natus</strong></span> <span class='ocrx_word' id='word_1_678' title='bbox 462 5328 569 5398; x_wconf 89' lang='lat' dir='ltr'><strong>cst,sed</strong></span> <span class='ocrx_word' id='word_1_679' title='bbox 586 5329 621 5385; x_wconf 90' lang='lat' dir='ltr'><strong>de</strong></span> <span class='ocrx_word' id='word_1_680' title='bbox 635 5328 697 5400; x_wconf 86' lang='lat' dir='ltr'><strong>Lia;</strong></span> <span class='ocrx_word' id='word_1_681' title='bbox 707 5346 760 5386; x_wconf 90' lang='lat' dir='ltr'><strong>uec</strong></span> <span class='ocrx_word' id='word_1_682' title='bbox 774 5328 879 5405; x_wconf 83' lang='lat' dir='ltr'><strong>legitur</strong></span> <span class='ocrx_word' id='word_1_683' title='bbox 894 5347 962 5388; x_wconf 91' lang='lat' dir='ltr'><strong>eum</strong></span> <span class='ocrx_word' id='word_1_684' title='bbox 1016 5332 1074 5390; x_wconf 86' lang='lat' dir='ltr'><strong>iles</strong></span> <span class='ocrx_word' id='word_1_685' title='bbox 1089 5329 1201 5404; x_wconf 88' lang='lat' dir='ltr'><strong>scripta</strong></span> <span class='ocrx_word' id='word_1_686' title='bbox 1214 5330 1392 5387; x_wconf 88' lang='lat' dir='ltr'><strong>mandamus</strong></span> <span class='ocrx_word' id='word_1_687' title='bbox 1407 5334 1565 5405; x_wconf 90' lang='lat' dir='ltr'><strong>quatenus,</strong></span> <span class='ocrx_word' id='word_1_688' title='bbox 1580 5333 1606 5392; x_wconf 92' lang='lat' dir='ltr'><strong>si</strong></span> <span class='ocrx_word' id='word_1_689' title='bbox 1621 5340 1669 5393; x_wconf 90' lang='lat' dir='ltr'><strong>est</strong></span> <span class='ocrx_word' id='word_1_690' title='bbox 1685 5337 1838 5415; x_wconf 88' lang='lat' dir='ltr'><strong>ita,ipsum</strong></span> 
     </span>
    </p>
   </div>
   <div class='ocr_carea' id='block_1_9' title="bbox 142 5471 1611 5622">
    <p class='ocr_par' dir='ltr' id='par_1_13' title="bbox 142 5471 1611 5622">
     <span class='ocr_line' id='line_1_60' title="bbox 142 5471 1477 5603; baseline 0.004 -76"><span class='ocrx_word' id='word_1_691' title='bbox 142 5472 236 5547; x_wconf 56' lang='grc' dir='ltr'><strong>ΕΜ)</strong></span> <span class='ocrx_word' id='word_1_692' title='bbox 250 5475 318 5544; x_wconf 80' lang='lat' dir='ltr'><strong>cap.</strong></span> <span class='ocrx_word' id='word_1_693' title='bbox 336 5473 420 5541; x_wconf 79' lang='lat' dir='ltr'><strong>ticet,</strong></span> <span class='ocrx_word' id='word_1_694' title='bbox 435 5476 475 5529; x_wconf 86' lang='lat' dir='ltr'><strong>De</strong></span> <span class='ocrx_word' id='word_1_695' title='bbox 489 5471 648 5558; x_wconf 66' lang='lat' dir='ltr'><strong>regularib.</strong></span> <span class='ocrx_word' id='word_1_696' title='bbox 1019 5493 1077 5536; x_wconf 91' lang='lat' dir='ltr'><strong>nou</strong></span> <span class='ocrx_word' id='word_1_697' title='bbox 1093 5478 1189 5559; x_wconf 73' lang='lat' dir='ltr'><strong>exstat</strong></span> <span class='ocrx_word' id='word_1_698' title='bbox 1203 5474 1233 5530; x_wconf 89' lang='lat' dir='ltr'><strong>iu</strong></span> <span class='ocrx_word' id='word_1_699' title='bbox 1249 5474 1314 5532; x_wconf 91' lang='lat' dir='ltr'><strong>cod.</strong></span> <span class='ocrx_word' id='word_1_700' title='bbox 1330 5473 1477 5603; x_wconf 61' lang='lat' dir='ltr'><strong>Andeqav.</strong></span> 
     </span>
     <span class='ocr_line' id='line_1_61' title="bbox 179 5540 1611 5622; baseline 0.006 -23"><span class='ocrx_word' id='word_1_701' title='bbox 179 5544 237 5617; x_wconf 73' lang='lat'><strong>(97)</strong></span> <span class='ocrx_word' id='word_1_702' title='bbox 252 5544 284 5601; x_wconf 89' lang='lat' dir='ltr'><strong>lu</strong></span> <span class='ocrx_word' id='word_1_703' title='bbox 298 5546 365 5602; x_wconf 89' lang='lat' dir='ltr'><strong>tert.</strong></span> <span class='ocrx_word' id='word_1_704' title='bbox 380 5540 453 5602; x_wconf 89' lang='lat' dir='ltr'><strong>ccii.</strong></span> <span class='ocrx_word' id='word_1_705' title='bbox 468 5544 597 5613; x_wconf 78' lang='lat' dir='ltr'><strong>additur,</strong></span> <span class='ocrx_word' id='word_1_706' title='bbox 612 5544 746 5618; x_wconf 75' lang='lat' dir='ltr'><strong>qualibet.</strong></span> <span class='ocrx_word' id='word_1_707' title='bbox 765 5545 819 5602; x_wconf 83' lang='lat' dir='ltr'><strong>Sed</strong></span> <span class='ocrx_word' id='word_1_708' title='bbox 834 5545 897 5604; x_wconf 79' lang='lat' dir='ltr'><strong>brac</strong></span> <span class='ocrx_word' id='word_1_709' title='bbox 910 5564 965 5608; x_wconf 82' lang='lat' dir='ltr'><strong>vox</strong></span> <span class='ocrx_word' id='word_1_710' title='bbox 1054 5547 1111 5621; x_wconf 78' lang='grc'><strong>(98)</strong></span> <span class='ocrx_word' id='word_1_711' title='bbox 1124 5544 1196 5603; x_wconf 79' lang='lat' dir='ltr'><strong>Vade</strong></span> <span class='ocrx_word' id='word_1_712' title='bbox 1211 5549 1294 5619; x_wconf 77' lang='lat' dir='ltr'><strong>gesta</strong></span> <span class='ocrx_word' id='word_1_713' title='bbox 1306 5546 1405 5604; x_wconf 88' lang='lat' dir='ltr'><strong>laneo.</strong></span> <span class='ocrx_word' id='word_1_714' title='bbox 1435 5544 1471 5617; x_wconf 93' lang='lat' dir='ltr'><strong>ll,</strong></span> <span class='ocrx_word' id='word_1_715' title='bbox 1486 5562 1551 5622; x_wconf 91' lang='lat' dir='ltr'><strong>cap.</strong></span> <span class='ocrx_word' id='word_1_716' title='bbox 1564 5548 1611 5608; x_wconf 86' lang='grc'><strong>75.</strong></span> 
     </span>
    </p>
   </div>
   <div class='ocr_carea' id='block_1_10' title="bbox 0 0 1903 6000">
    <p class='ocr_par' dir='ltr' id='par_1_14' title="bbox 0 0 1903 6000">
     <span class='ocr_line' id='line_1_62' title="bbox 0 0 1903 6000; baseline 0 0"><span class='ocrx_word' id='word_1_717' title='bbox 0 0 1903 6000; x_wconf 95' lang='lat' dir='ltr'><strong> </strong></span> 
     </span>
    </p>
   </div>
  </div>
 </body>
</html>
