3780 6000
134 170 205 227 acca
603 140 812 228 innocssnu
829 150 869 224 ni
888 168 942 228 re.
963 165 1211 223 assuescam
1228 166 1296 221 nra
1310 128 1369 222 ¹11.
1785 162 1850 223 „seu

134 299 215 363 nent,
231 297 260 352 et
276 295 312 352 ad
328 294 545 352 exsecutionem
566 310 667 352 eorum
689 294 870 362 faciendam
886 295 916 348 et
929 288 959 345 in
974 290 1002 356 Α
1015 305 1155 346 cesanum
1172 293 1314 361 tanquam
1330 288 1366 345 ad
1379 286 1510 360 judicem
1527 284 1851 343 ecclesiasticumdiei·

26 400 29 405 ’
134 384 337 442 observatione
359 386 566 441 mandatorum
586 389 615 441 et
640 389 820 441 statutorum
837 396 959 437 suorum
1014 383 1063 435 tur
1077 380 1234 452 pertinere,
1250 396 1303 436 nec
1327 378 1357 435 in
1378 376 1588 436 decisionibus
1603 377 1852 442 earumdemnec

130 471 342 546 legitimorum,
356 478 385 529 et
401 475 430 529 in
447 475 585 530 omnibus
598 473 665 530 aliis
681 479 715 530 ad
729 474 779 544 jus
795 468 960 544 episcopale
1014 470 1158 526 veniread
1174 469 1329 526 citationes
1350 468 1456 541 ipsius,
1474 484 1528 524 nec
1554 466 1793 539 assignationes
1806 469 1852 523 dia·

130 563 356 636 pertinentibus,
369 563 423 619 boc
434 567 553 635 excepto
565 564 594 618 in
611 564 697 635 quus
714 561 901 636 possessione
915 575 961 647 est
1015 574 1080 613 rum
1096 558 1236 629 accipere,
1254 573 1306 613 nec
1330 556 1470 612 mandata
1486 557 1556 626 ejus
1574 555 1759 625 observare,
1775 514 1872 611 neccl

127 652 204 708 idem
233 652 550 725 episcopus,videlicet
574 653 603 708 in
631 652 817 708 ordinatione
844 665 958 720 eorum,
1014 646 1042 702 in
1060 643 1849 718 aliquoobedire.DicitpopulusJotrensisomnima·
1880 696 1882 701 .

126 741 203 798 Petit
217 742 373 815 episcopus
395 741 554 798 tieldensis
569 760 586 798 a
601 741 710 815 populo
734 740 864 799 lutrensi
880 739 958 812 quod
1014 735 1239 807 domjustitiam
1251 734 1479 792 ecclesiasticam
1492 739 1521 790 et
1536 736 1699 790 larensem
1716 734 1746 788 in
1758 735 1847 806 popula

126 829 184 886 sibi
200 830 338 886 obediant
354 835 494 903 tanquam
507 848 561 888 suo
576 833 713 904 episcopo
730 831 759 886 in
774 827 958 901 corrigendis
1012 823 1141 880 lutrensi
1167 823 1311 897 pertinere
1338 825 1373 879 ad
1403 823 1593 880 abbatissam
1626 824 1846 879 scarensemn

128 919 298 975 excessibus
322 921 461 976 omnibus
477 937 603 992 quorum
620 921 760 977 correctio
785 919 821 975 ad
845 919 959 989 episco·
1013 913 1078 970 ideo
1094 913 1261 987 respondet·
1272 915 1370 985 peries
1383 911 1461 969 idem
1479 913 1560 982 quod
1579 911 1691 968 clerus
1707 914 1846 985 respondet

128 1026 198 1082 pum
214 1010 415 1065 diaecesanum
427 1015 567 1081 tanquam
584 1011 620 1065 ad
630 1010 762 1080 jndicem
779 1007 958 1065 ecclesiasti·
1014 1019 1065 1076 per
1088 1019 1130 1070 ee,
1146 1007 1174 1059 et
1187 1003 1265 1075 quod
1282 1003 1311 1058 in
1329 1000 1409 1058 nullo
1425 1007 1546 1058 tenetur
1561 1001 1697 1058 obedire
1723 1000 1844 1058 ldeldensi

129 1113 195 1153 oum
213 1098 350 1170 pertinet,
365 1098 394 1153 in
410 1099 630 1171 cognitionibus
642 1115 797 1155 causarum
815 1103 874 1154 tam
887 1097 957 1153 civi·
1013 1091 1160 1165 episcopo.
1178 1093 1243 1148 llaec
1263 1092 1362 1147 omnia
1382 1091 1543 1163 respondet
1571 1089 1741 1147 abbatissa
1755 1096 1780 1146 et
1793 1108 1844 1147 con·

129 1185 202 1243 lium
212 1205 300 1260 quam
311 1188 615 1261 spiritualium,quam
626 1187 821 1245 criminalium
832 1203 956 1260 quarum
1013 1185 1128 1247 ventus,
1145 1181 1241 1238 clerus
1257 1186 1286 1237 et
1300 1179 1426 1254 populus
1442 1179 1613 1261 lotrensis3
1633 1179 1735 1236 salvis
1749 1181 1843 1252 privile·

129 1277 260 1348 cognitio
284 1278 319 1332 ad
345 1277 517 1349 episcopum
533 1278 730 1334 dioecesanum
755 1283 896 1349 tanquam
921 1276 957 1330 nd
1013 1271 1069 1343 giis
1086 1272 1199 1327 domini
1215 1288 1307 1344 papae,
1323 1275 1352 1328 et
1373 1269 1451 1327 salvo
1470 1271 1542 1341 jure
1560 1268 1713 1326 Ecclesia
1730 1270 1843 1327 Romana

126 1365 259 1437 judicem
276 1365 507 1422 ecclesiasticum
523 1367 659 1438 pertinet,
671 1373 700 1423 et
713 1368 743 1422 in
759 1365 958 1422 decisionibus
1012 1364 1041 1415 et
1056 1360 1136 1417 salvo
1147 1361 1215 1432 jure
1231 1359 1367 1428 addendi,
1379 1359 1742 1432 minuendi‚corrigendi
1756 1365 1783 1415 et
1795 1376 1845 1414 mn-

129 1455 313 1521 earumdem,
328 1459 356 1510 et
370 1453 399 1509 in
420 1454 468 1511 bis
487 1471 551 1527 que
566 1456 601 1511 ed
620 1455 818 1528 cognitionem
835 1459 864 1510 et
879 1453 959 1509 deci·
1011 1449 1105 1505 tandi.
1119 1450 1274 1522 ecumque
1286 1465 1376 1521 snper
1390 1448 1428 1504 iis
1439 1449 1547 1504 inisset
1559 1464 1669 1504 coram
1679 1449 1845 1519 judicibnsa

128 1543 244 1599 sionem
261 1543 407 1615 pertinent
421 1546 603 1612 earumdem,
616 1543 753 1600 videlicet
769 1544 798 1599 in
814 1544 957 1600 veniendo
1013 1540 1082 1596 sede
1094 1539 1256 1611 apostolica
1267 1536 1407 1610 delegatis
1420 1537 1535 1593 diutius
1552 1537 1732 1610 litigatum,
1744 1539 1844 1594 tandem

129 1633 165 1690 ad
179 1633 346 1702 citationes,
361 1633 528 1704 recipiendo
554 1634 667 1689 dierum
689 1632 914 1704 assignationes,
930 1636 997 1722 etB
1014 1631 1138 1700 utraque
1152 1645 1220 1701 pars
1232 1632 1292 1683 tam
1305 1643 1394 1699 super
1405 1626 1441 1683 iis
1457 1626 1623 1697 dequibus
1635 1626 1694 1683 alt.
1712 1627 1845 1683 exstiterat

127 1720 158 1776 in
175 1720 241 1778 aliis
257 1737 322 1793 quae
346 1721 382 1776 ad
407 1721 602 1792 cognitionem
619 1725 648 1777 et
664 1721 841 1777 decisionem
863 1721 953 1793 perti·
1013 1734 1101 1790 quam
1114 1717 1202 1773 etiam
1215 1715 1532 1789 superomnibusaliis
1545 1733 1617 1788 quae
1630 1717 1843 1788 quoquomodo

129 1814 216 1878 nent3
227 1814 256 1865 et
270 1814 304 1865 ut
318 1810 481 1865 sententies
496 1809 809 1866 excommunicationis
823 1815 852 1866 et
867 1809 958 1865 inter·
1010 1810 1146 1879 poterant
1159 1806 1272 1862 ratione
1284 1805 1471 1878 proprietatis
1481 1803 1525 1860 vel
1540 1805 1757 1877 possessionis
1768 1806 1799 1860 ad
1806 1806 1845 1876 jis

129 1898 200 1955 dicti
215 1899 251 1955 ab
264 1900 327 1971 ipso
339 1896 414 1954 letes
426 1898 455 1953 in
468 1899 548 1972 ipsos
561 1899 728 1968 observent,
740 1904 769 1955 et
780 1904 811 1954 ut
821 1900 960 1956 obediant
1010 1895 1175 1968 episcopale
1185 1895 1249 1968 lege
1258 1893 1552 1965 diecesanaveljure
1563 1897 1732 1951 communi
1743 1912 1792 1951 scu
1802 1894 1846 1950 alio

127 1991 158 2044 et
170 1988 201 2043 in
212 1987 427 2044 clunibusaliis
443 1989 480 2043 ad
494 1990 544 2059 jus
554 1988 720 2060 episcopale
731 1988 956 2061 pertinentibus.
1011 2001 1187 2059 quocunque
1204 1987 1273 2056 jure
1288 1990 1420 2057 spectare
1435 1983 1665 2041 commiserunt
1681 2001 1716 2040 se
1736 1984 1846 2056 indicio,

18 2124 22 2133 .
129 2077 277 2148 Quidquid
293 2082 391 2134 autem
416 2077 494 2132 idem
520 2077 676 2150 episcopus
703 2078 740 2133 ab
765 2077 915 2133 abbatissa
929 2082 958 2133 et
1012 2075 1194 2141 diffinitioni,
1211 2091 1261 2131 seu
1274 2075 1453 2130 ordinationi
1469 2075 1587 2130 nostris
1599 2075 1662 2130 sub
1680 2074 1720 2129 iis
1737 2075 1845 2130 termis:

130 2170 273 2222 conventu
285 2170 314 2221 et
324 2165 401 2221 clero
410 2170 439 2222 et
450 2167 556 2238 populo
566 2165 693 2222 lutrensi
704 2166 785 2239 petit,
795 2165 868 2238 petit
878 2165 958 2222 salve
1048 2185 1062 2214 a
1078 2162 1223 2220 Omnibus
1239 2168 1397 2236 praesentes
1416 2162 1530 2219 litteras
1546 2163 1743 2235 inspecturis
1760 2164 1848 2220 Petrus

125 2256 194 2328 jure
208 2254 347 2324 addendi,
360 2253 522 2322 minuendi,
536 2255 698 2310 mutandi.»
716 2254 784 2310 letis
798 2260 895 2310 autem
912 2271 960 2328 pe·
1012 2252 1061 2310 Dei
1073 2252 1167 2325 gratia
1178 2252 1337 2310 Meldensis
1351 2252 1508 2324 episcopus
1523 2251 1662 2309 salutem
1682 2253 1713 2308 in
1729 2252 1848 2309 Domino.

130 2344 286 2401 titionibus
305 2348 477 2414 procurator
490 2343 645 2400 abbatissae
662 2349 692 2399 ct
706 2351 877 2412 conventus,
888 2344 959 2400 cleri
1049 2342 1575 2414 eneverituniversitosjvestraqnod
1586 2358 1661 2398 cum
1675 2342 1757 2398 inter
1765 2357 1848 2398 nosen

131 2438 161 2489 et
175 2430 274 2505 populi
291 2431 436 2487 lotrensis
453 2431 482 2486 in
499 2432 577 2487 hunc
598 2434 719 2488 modum
736 2433 911 2506 respondit:
1014 2437 1164 2505 unaparte
1173 2437 1202 2488 et
1210 2430 1390 2488 abbatissam
1399 2438 1427 2489 et
1438 2431 1798 2503 conventum‚clerumet
1807 2447 1847 2502 pc

168 2543 183 2572 «
199 2519 305 2576 Dicunt
317 2518 467 2576 abbatissa
477 2525 506 2576 et
516 2526 675 2577 conventus
686 2521 897 2578 monasterium
910 2522 959 2578 Jo-
1013 2521 1117 2595 pulum
1126 2522 1292 2578 lotrensem
1301 2538 1336 2577 ex
1346 2520 1446 2591 altera,
1456 2537 1546 2593 super
1557 2521 1754 2593 subjectione
1766 2521 1848 2594 ipsius

131 2613 229 2666 trenes
242 2612 411 2679 exemptum
422 2625 486 2665 esse
500 2614 529 2665 et
543 2610 666 2667 subesse
682 2610 851 2669 immediate
865 2611 960 2667 domi·
1014 2610 1186 2667 monasterii
1198 2615 1226 2666 et
1236 2610 1406 2667 corumdem
1419 2609 1489 2665 clcri
1499 2614 1529 2666 et
1540 2609 1651 2683 populi
1663 2615 1729 2667 tam
1739 2629 1773 2668 ev
1784 2610 1848 2682 peti·

130 2717 168 2757 no
183 2716 264 2773 papae
277 2700 307 2754 in
322 2699 462 2756 omnibus
473 2705 502 2757 et
512 2700 718 2774 proprietatem
730 2701 820 2757 totius
832 2701 960 2773 jurisdi-
1012 2699 1087 2755 torio
1099 2700 1214 2771 Judicio
1229 2716 1319 2772 quam
1337 2699 1519 2773 possessorio
1535 2699 1670 2770 questio
1683 2705 1847 2764 verteretur,

129 2789 237 2846 ationis
259 2789 464 2846 ecclesiastica
479 2789 508 2844 in
525 2791 704 2846 munasterio
728 2789 854 2846 lutrensi
878 2789 960 2846 nullo
1014 2789 1092 2861 quod
1104 2790 1317 2845 monasterium
1332 2805 1400 2844 cum
1414 2788 1525 2846 eisdem
1538 2787 1620 2845 clero
1633 2794 1666 2844 et
1681 2789 1792 2862 populo
1803 2804 1847 2843 nc·

133 2878 280 2935 mediante
305 2878 341 2934 ad
362 2879 515 2934 dominum
532 2895 638 2952 papam
654 2878 851 2950 pertinere‚·'et
872 2895 959 2934 usum
1014 2877 1060 2933 bis
1071 2877 1243 2934 dicebamus
1254 2877 1592 2950 plenojuresubjectum
1606 2874 1847 2934 necnonetomni

131 2985 197 3026 esse
207 2969 418 3025 monasterium
430 2969 603 3042 longissimo
612 2974 743 3040 tempore
753 2969 805 3025 bac
815 2969 959 3037 libertats;
1012 2967 1080 3038 jure
1094 2966 1287 3039 subjectionis
1303 2967 1338 3022 ad
1350 2983 1404 3023 nos
1414 2970 1443 3022 et
1453 2981 1647 3023 successores
1660 2972 1782 3023 nostroe
1791 2971 1848 3021 tan·

132 3059 209 3115 sicut
234 3057 433 3130 probabimus,
451 3059 475 3114 si
493 3073 612 3114 necesse
628 3058 725 3126 inerit,
738 3074 788 3131 per
808 3019 999 3132 privilegia.c
1017 3072 1106 3128 quam
1124 3054 1178 3113 loci
1192 3056 1374 3113 dioecesanos
1396 3055 1460 3127 lege
1478 3055 1647 3112 dioeceeana
1670 3059 1849 3129 spectare,ct

133 3151 163 3202 et
177 3151 267 3203 testes
282 3150 311 3203 et
329 3145 538 3203 instrumente.
550 3150 583 3202 Et
602 3146 667 3203 ideo
687 3147 789 3204 dicunt
811 3146 962 3203 abbatissa
1016 3161 1103 3218 posse
1120 3145 1230 3218 inipso
1250 3145 1439 3215 monasterio,
1453 3143 1530 3200 clero
1545 3156 1576 3201 et
1591 3145 1706 3218 populo
1728 3143 1847 3203 Jotrenei

132 3239 162 3292 st
178 3239 338 3291 conventus
353 3236 432 3307 quod
454 3252 509 3291 non
533 3241 671 3291 tenentur
685 3237 804 3292 obedire
825 3235 960 3309 episcopo
1017 3235 1108 3292 libere
1117 3234 1354 3308 procurationem
1366 3232 1505 3307 recipere,
1513 3232 1846 3304 visitationemcorrsc·

133 3323 275 3381 Meldcnsi
292 3324 321 3380 in
338 3323 558 3380 visitationibus
583 3324 724 3381 iaciendis
744 3342 796 3382 nec
811 3325 840 3381 in
857 3325 915 3382 alia
930 3342 961 3382 re
1016 3325 1136 3394 tionem,
1148 3328 1177 3381 et
1194 3323 1293 3380 omnia
1314 3324 1384 3394 jura
1398 3321 1585 3395 {episcopalia
1608 3339 1750 3380 exercere
1775 3322 1846 3396 quod

132 3430 184 3487 pro
199 3413 366 3470 visitatione
383 3413 525 3480 iacienda,
540 3413 568 3470 ln
584 3414 752 3471 excessibus
767 3415 960 3487 corrigendis,
1015 3413 1124 3469 eadem
1136 3413 1287 3469 abbatissa
1297 3415 1326 3468 et
1336 3417 1496 3468 conventus
1507 3417 1665 3484 negantes,
1676 3413 1777 3485 ipsum
1790 3429 1845 3468 mo·

25 3516 28 3523 ’
130 3501 160 3557 in
177 3519 333 3559 causarum
351 3501 479 3558 civilium
494 3501 539 3558 vel
550 3501 749 3575 spiritualium
761 3507 803 3559 vet
820 3503 960 3560 crimina·
1016 3500 1845 3574 nasterium,clernmetpopulumJotrcosemasserebant

130 3589 204 3646 lium
217 3588 445 3664 cognitionibus,
456 3607 509 3647 nec
520 3590 549 3646 in
562 3591 762 3649 decisionibus
772 3593 959 3662 earumdem;
1014 3591 1049 3648 ad
1064 3592 1112 3664 jus
1128 3595 1156 3648 et
1172 3590 1379 3664 proprietatem
1390 3589 1524 3646 Ecclesiae
1534 3592 1678 3647 Romanae
1695 3590 1779 3649 nullo
1790 3607 1843 3648 ma·

133 3695 186 3736 nec
200 3684 339 3735 tenentur
358 3680 455 3736 venire
475 3681 509 3735 ad
533 3680 687 3737 citationes
702 3681 796 3754 ipsius
820 3698 871 3738 nec
886 3682 961 3739 reoi-
1015 3679 1063 3737 dio
1079 3680 1235 3753 pertinere,
1255 3696 1345 3752 super
1369 3677 1530 3752 premissis
1555 3683 1585 3734 et
1608 3681 1757 3737 omnibns
1781 3680 1841 3736 aliis

131 3784 199 3840 pere
215 3770 328 3824 dierum
340 3768 566 3839 assignationes,
578 3785 630 3825 nec
642 3771 781 3826 mandata
791 3771 835 3827 vel
849 3776 960 3829 statuta
1015 3787 1078 3843 que
1089 3773 1209 3843 possent
1220 3770 1255 3825 ad
1267 3769 1319 3840 jus
1330 3766 1495 3842 episcopale
1506 3770 1688 3841 spectarede
1699 3785 1841 3827 consensu

130 3859 297 3925 observare,
313 3874 365 3913 nec
380 3859 407 3913 ei
423 3858 638 3929 processionem
655 3859 749 3915 iacere
765 3862 883 3931 quando
900 3861 959 3930 pri·
1014 3859 1116 3917 decani
1132 3863 1160 3915 et
1174 3857 1447 3915 archidiaconorum
1463 3861 1492 3913 et
1512 3857 1634 3928 capituti
1653 3862 1750 3916 nostri
1765 3876 1841 3915 com·

130 3962 178 4002 mo
189 3945 302 4001 accedit
313 3947 639 4018 postconsecrationam
654 3964 738 4002 suram
755 3949 789 4004 ad
805 3947 958 4005 ecclesiam
1014 3948 1151 4006 misimus
1177 3965 1230 4004 nos
1250 3947 1374 4020 judicio,
1387 3946 1569 4014 dilllnitioni,
1587 3962 1641 4004 seu
1668 3947 1840 4005 ordinationi

128 4039 305 4103 lotrensem,
322 4052 374 4093 neo
395 4036 470 4093 alias
488 4036 514 4092 ei
532 4037 561 4092 in
577 4036 726 4109 aliquibus
741 4039 776 4093 ad
792 4038 958 4113 episcopale
1013 4036 1190 4095 venerabilis
1204 4037 1321 4110 [Patris]
1337 4037 1460 4092 Romani
1479 4034 1580 4092 Sancti
1601 4037 1710 4110 angeli
1732 4036 1840 4094 diaconi

126 4126 179 4196 jus
194 4126 408 4196 pertinentibus
428 4124 556 4181 obedire.
574 4130 645 4182 item
662 4144 719 4183 non
736 4132 850 4184 tenetur
865 4127 890 4183 ei
907 4128 958 4184 ab·
1012 4127 1171 4184 cardinalis
1182 4124 1580 4199 apostolicasedislegati,in
1591 4126 1840 4200 ipsumtanqnam

131 4214 243 4271 batissa
262 4231 351 4288 super
374 4213 533 4288 premissis
548 4214 591 4271 vel
615 4214 715 4287 aliquo
738 4216 957 4288 premissorum
1012 4217 1042 4273 in
1058 4217 1187 4290 legatum
1204 4221 1233 4271 et
1243 4215 1376 4287 iudicem
1399 4214 1623 4282 consentiendo,
1635 4219 1841 4288 promittentes

130 4302 175 4360 vel
191 4302 292 4376 aliqua
307 4303 380 4359 rein
399 4303 508 4358 mundo
529 4303 726 4361 obedientiam
745 4305 956 4377 repromittere.
1013 4303 1512 4378 noaJudlcium,diitinitionem,ssu
1520 4303 1744 4362 ordinationem
1754 4305 1841 4378 ipsius

128 4393 209 4459 Quod
227 4397 325 4448 autern
342 4391 414 4447 dicit
433 4391 589 4464 episcopus
604 4409 636 4449 se
650 4393 749 4465 ipsum
766 4410 831 4450 esse
845 4394 875 4451 in
892 4412 958 4468 pos·
973 4382 998 4449 D
1014 4396 1042 4451 in
1068 4399 1242 4468 perpetuum
1258 4408 1374 4450 servare
1388 4396 1417 4449 et
1437 4390 1518 4449 nullo
1537 4395 1674 4465 tempore
1693 4399 1839 4450 contrave-

129 4481 261 4538 aessione
286 4487 431 4552 quantum
448 4481 483 4536 sd
506 4480 692 4553 penitentias
716 4498 767 4555 pro
793 4484 956 4556 majoribus
1011 4484 1075 4542 nire
1087 4483 1284 4540 renuntiando
1299 4482 1438 4539 omnibus
1448 4479 1840 4552 judicibus,commissioni-

128 4572 304 4628 criminibus
324 4571 529 4643 imponendas,
546 4577 654 4644 negant
678 4574 829 4631 abbatissa
844 4581 873 4631 et
887 4592 957 4633 con·
1013 4578 1078 4639 bus,
1096 4572 1281 4647 processibus
1306 4575 1334 4628 st
1352 4570 1427 4627 actis
1442 4585 1506 4642 que
1522 4568 1609 4626 nobis
1633 4573 1841 4643 competebant

126 4659 343 4730 ventnsipsum
368 4676 434 4716 esse
458 4661 486 4714 in
511 4661 706 4733 possessione.
731 4663 864 4719 Aliorum
889 4681 957 4722 vero
1011 4662 1056 4721 vel
1071 4667 1235 4735 competere
1259 4665 1382 4734 possent
1400 4661 1429 4715 in
1450 4675 1541 4716 causa
1563 4657 1632 4715 iata.
1650 4659 1684 4715 ln
1701 4663 1790 4734 cuius
1805 4661 1841 4717 rei

129 4747 322 4805 articulorum
347 4749 518 4822 inquorum
542 4752 730 4823 possessione
746 4752 817 4807 dicit
840 4768 872 4808 se
893 4769 957 4810 esse
1010 4752 1227 4822 testimonium,
1241 4751 1278 4808 ad
1295 4750 1436 4821 majorem
1460 4748 1687 4822 premissorum
1711 4751 1841 4807 omnium

128 4836 206 4894 idem
227 4835 395 4909 epiecopus,
411 4838 516 4894 dicunt
536 4839 634 4911 ipsum
655 4839 770 4896 nullum
782 4842 834 4911 jus
849 4841 956 4900 habere
1011 4844 1194 4910 firmitatem,
1210 4845 1370 4916 presentes
1388 4839 1501 4897 litteras
1515 4837 1621 4895 exinde
1635 4840 1790 4898 coniectas
1804 4840 1841 4898 ai·

128 4929 158 4986 in
182 4928 369 5002 proprietate.
387 4929 495 4986 Dicunt
512 4934 600 4988 etiam
622 4931 773 4988 abbatissa
788 4936 817 4989 et
831 4950 955 4991 convcn·
1010 4933 1079 5006 gillo
1093 4935 1193 4990 nostro
1206 4931 1345 4988 duximus
1360 4929 1552 4986 roborandas.

126 5021 175 5074 tus
188 5019 390 5076 omnimodam
403 5019 553 5091 justitiam
569 5019 798 5077 ecclesiasticam
816 5027 845 5078 et
861 5024 955 5081 loren-
1046 5046 1061 5074 «
1076 5025 1181 5079 Actum
1202 5019 1307 5078 ldeldis
1326 5035 1403 5077 anno
1424 5016 1540 5075 Domini
1560 5018 1642 5089 1225,
1664 5035 1771 5078 mense
1790 5020 1840 5078 00·

125 5121 188 5163 sem
204 5107 234 5163 in
250 5106 327 5163 olere
342 5111 371 5164 et
385 5106 493 5181 populo
507 5108 636 5164 lutrensi
651 5108 797 5180 pertinere
814 5111 849 5166 ad
867 5113 954 5169 abba·
1009 5113 1096 5171 tobri.

124 5195 240 5253 tissam.
257 5195 333 5252 Dicit
355 5195 451 5253 cleros
472 5196 617 5254 lotrensis
644 5199 723 5270 quod
751 5215 809 5255 non
837 5204 956 5258 tenetur
1047 5201 1222 5262 «Omnibus
1245 5201 1405 5273 presentes
1420 5198 1534 5256 litteras
1556 5196 1742 5270 inspecturis
1757 5201 1839 5256 deca·

125 5284 245 5342 obedire
260 5286 397 5359 episcopo
407 5288 548 5345 Meldcnsi
564 5288 593 5344 ia
609 5287 830 5346 visitationibus
845 5292 954 5350 iacien·
1009 5311 1078 5359 nus,
1092 5289 1222 5350 Briensis
1237 5294 1267 5346 et
1281 5287 1441 5345 Meldensis
1455 5285 1670 5354 archidiaconi,
1685 5293 1841 5361 totumque

124 5373 170 5431 dis
184 5380 212 5430 at
226 5374 255 5431 in
283 5375 466 5450 corrigendis
489 5377 659 5436 excessibus
682 5384 712 5435 et
736 5380 954 5452 cognitionibus
1008 5381 1168 5441 Meldensis
1193 5377 1328 5436 Ecclesia
1351 5376 1545 5451 [Capitulum]
1570 5375 1705 5435 salutm
1730 5378 1762 5435 in
1786 5378 1841 5436 Do·

125 5480 282 5521 causarum
299 5469 360 5522 tam
376 5467 519 5539 civilium,
531 5485 620 5542 quam
636 5469 847 5543 spiritualium,
862 5490 953 5546 qnam
1008 5473 1099 5534 mino.

125 5553 337 5625 criminalium,
353 5573 480 5629 quarum
496 5560 624 5634 cognitio
638 5560 676 5618 ad
691 5561 863 5636 episcopum
878 5566 952 5624 dice·
1043 5584 1060 5618 e
1071 5561 1191 5622 Noverit
1202 5558 1555 5620 univcrsitasveatrsnos
1566 5554 1840 5620 bttarasvcnerabi·
