3780 6000
85 206 138 264 aiu
558 198 767 255 ruuoosuru
785 201 825 254 111
844 200 897 253 er.
917 195 1164 254 uuessroeuu
1184 178 1251 249 nra.
1271 194 1319 248 vr.
1738 188 1791 244 sco

85 333 236 404 preterea.
250 329 311 382 tres
326 321 437 380 casales
458 322 487 378 in
512 324 617 378 Sancto
644 321 800 387 toannino,
828 321 910 378 selva
926 324 950 389 Α
966 334 1076 386 rernm,
1092 322 1121 375 et
1136 316 1264 391 episcopi
1280 332 1372 389 preco
1388 315 1524 374 exsilium
1541 315 1690 401 canonicis
1710 314 1793 371 mine

87 418 249 494 quaestione
264 413 451 489 proprietatis
466 410 597 468 ecclesiae
610 409 912 480 colimbriensismo·
968 413 1059 465 retur.

88 508 218 568 nestorio
233 504 348 562 restitui
359 506 546 568 censuerunt,
559 501 656 574 ipsum
667 500 829 574 apetitlone
842 501 912 555 duo·
1003 500 1136 568 insuper,
1151 513 1209 553 non
1225 495 1309 569 plene
1324 501 1438 569 poterat
1451 498 1486 555 de
1502 496 1700 555 concessionis
1711 493 1792 550 illius

89 598 210 656 decima
223 593 388 651 modiorum
406 590 637 662 trumenti‚quos
648 589 804 662 petiveras,
816 586 912 644 absol·
968 592 1066 642 tenore
1081 590 1225 653 constare,
1242 601 1295 641 uec
1321 590 1383 642 erat
1410 586 1453 641 illi
1478 587 1586 659 scripto
1612 584 1792 642 credendum

90 689 203 743 ventes.
219 681 349 737 'landem
365 694 438 746 vero,
454 694 516 733 cum
531 685 560 733 tu
574 682 600 734 et
613 693 678 749 pure
702 679 790 734 utero
805 684 915 749 propter
968 677 1045 750 qnod
1058 694 1126 750 pers
1134 677 1307 735 monasterii
1318 679 1524 751 presumebat,
1538 694 1605 735 cum
1614 679 1698 749 juxta
1712 675 1790 747 quod

92 781 142 837 boe
155 774 192 832 cd
206 773 295 829 eedem
304 768 485 840 apostolicum
496 765 732 838 uenissetielt58),
744 770 916 838 procurator
969 767 1165 840 deposuerant
1175 767 1295 839 quidam
1307 770 1409 834 testes,
1420 767 1524 841 pagine
1539 765 1742 824 concessionis
1756 763 1791 819 il·

92 860 265 925 monasterii
281 860 312 914 S.
341 856 441 912 Crucis
472 854 626 927 proposuit
653 856 830 910 sententiam
860 869 915 910 non
970 856 1127 927 liusquam
1138 855 1665 930 Michaeliecerat,ineliqnutlineis
1687 855 1793 911 luisset

94 955 168 1031 (249)
184 956 294 1018 tenere,
318 948 394 1019 puin,
428 960 491 1000 euru
518 943 685 1014 sufficientes
712 944 917 1000 recusationum
971 944 1086 1013 abrasa,
1104 948 1133 1001 et
1147 944 1258 1017 singuli
1270 945 1480 1002 canonicorum
1494 946 1545 1018 qui
1557 944 1794 1016 subscripserant

93 1054 286 1112 causospuue
314 1038 519 1109 proposuerunt
538 1032 573 1088 od
595 1032 703 1104 judices
732 1032 917 1099 removendos,
972 1050 1061 1089 manu
1079 1033 1467 1106 propriasubscripsissent;
1495 1036 1527 1091 in
1556 1035 1668 1108 scripto
1695 1037 1794 1088 autem

95 1138 120 1192 et
148 1146 215 1204 pace
238 1127 358 1194 evaluere,
380 1123 512 1196 prebere,
536 1137 592 1177 nou
618 1121 796 1177 admitterent
809 1121 919 1195 judices
973 1126 1051 1199 quod
1061 1126 1156 1182 luerat
1165 1126 1250 1182 uobis
1261 1125 1435 1195 exhibitum,
1452 1126 1534 1183 nulla
1557 1142 1661 1183 rasura
1676 1123 1794 1198 penitus

95 1221 227 1298 detepcti,
243 1235 293 1276 nec
306 1218 509 1289 permitterent,
524 1219 556 1269 ut
569 1230 662 1270 coram
676 1216 791 1270 arbitrie
817 1214 919 1287 prote·
973 1217 1136 1286 appareret,
1150 1214 1329 1270 stuniversar
1339 1214 1572 1288 subscriptiones
1582 1214 1685 1271 eadem
1696 1215 1796 1271 essent

95 1324 203 1382 rentur,
216 1310 330 1382 meoque
349 1322 415 1379 parc
441 1304 602 1360 monasterii
629 1306 745 1361 eiecerit
768 1304 805 1360 cd
831 1304 920 1361 eedem
974 1318 1064 1357 mann
1093 1301 1273 1373 conscripse.
1298 1302 1355 1360 Neo
1371 1302 1495 1359 nocebat
1523 1302 1601 1376 quod
1638 1301 1796 1373 praediotus

97 1404 279 1481 apostolicum
291 1397 921 1473 appellandum,eonstoteoepostcppetlctio-
973 1390 1146 1459 Alexander,
1158 1391 1354 1463 predecessor
1368 1396 1477 1460 noster,
1498 1391 1718 1448 concessionem
1741 1390 1797 1446 hu·

101 1512 165 1553 nem
181 1493 303 1565 tepitime
317 1487 506 1558 interpositum
519 1487 682 1556 processisse
696 1485 780 1558 (250).
797 1486 879 1552 Quod
895 1485 921 1543 si
971 1479 1106 1551 iusmcdi
1129 1480 1327 1548 confirmaret,
1343 1485 1372 1537 ct
1387 1497 1460 1538 neus
1489 1481 1584 1539 iuerat
1610 1480 1707 1538 verbis
1722 1480 1797 1552 ejus,

100 1581 271 1640 eliasetiam
282 1575 599 1633 senteutiamemorata
609 1578 731 1642 teneret,
742 1575 920 1647 quietameu
976 1569 1129 1643 qnoniam,
1144 1570 1199 1626 etsi
1214 1570 1371 1627 verborum
1398 1571 1533 1629 conscius
1549 1571 1648 1641 luerit,
1661 1574 1725 1628 erat
1751 1574 1797 1626 ta-

101 1668 313 1728 monastcrium
327 1668 418 1737 suerat
434 1663 633 1729 indefensum,
648 1663 719 1720 sicut
737 1665 795 1736 ipsi
812 1663 922 1735 iudicer
937 1696 961 1761 Β
977 1676 1044 1717 men
1055 1660 1197 1717 lectorum
1213 1661 1345 1734 ignarus,
1361 1665 1461 1735 utpote
1475 1662 1527 1735 qui
1540 1679 1598 1719 non
1613 1664 1734 1719 noverat
1747 1677 1797 1717 ex·

97 1775 150 1833 per
163 1774 228 1816 euos
242 1756 349 1812 titierce
360 1755 546 1826 protestarunt
561 1750 635 1823 (251)
647 1767 701 1808 nec
715 1750 844 1809 exhibita
859 1751 921 1809 lus·
975 1753 1084 1806 tortum
1095 1748 1184 1807 luisse
1196 1750 1404 1807 canonicorum
1415 1765 1583 1822 assensum,
1594 1755 1623 1807 et
1634 1749 1799 1807 concessio·

102 1853 169 1908 rent
182 1862 281 1905 coram
294 1845 336 1902 eis
354 1841 507 1916 privilegis
532 1840 687 1911 libertatis,
716 1857 752 1898 ne
780 1841 921 1898 delictum
976 1838 1165 1910 niaejusdem
1182 1840 1321 1913 paginam
1336 1841 1490 1897 coriatam.
1506 1843 1660 1907 (letarum,
1677 1837 1800 1910 persal-

100 1954 231 2013 personn
245 1936 276 1992 in
290 1935 432 1990 damnum
448 1929 577 1987 ecclesia
595 1930 783 1998 redundaret,
798 1931 924 1988 debebat
976 1931 1040 1984 tere
1054 1926 1214 2000 replicavit,
1231 1929 1322 2002 quod,
1337 1929 1363 1984 si
1378 1944 1431 1985 nec
1453 1927 1603 1987 concessio
1629 1925 1801 1998 hujusmodi

100 2028 136 2084 ad
152 2024 362 2084 exhibitionem
386 2020 606 2095 privilegiorum
634 2036 757 2076 suorum
786 2020 922 2089 admitti;
977 2032 1031 2073 nec
1044 2015 1229 2074 confirmatio
1245 2018 1399 2086 tenuisset,
1412 2022 1527 2088 poterat
1539 2024 1635 2074 temen
1648 2032 1699 2089 per
1710 2014 1802 2088 privi-

99 2116 178 2189 qund
188 2115 245 2172 sibi
256 2110 376 2170 concedi
388 2111 424 2167 de
434 2109 519 2167 solita
529 2109 708 2182 benigoiteta
716 2109 795 2166 sedis
806 2113 923 2183 aposto·
977 2104 1052 2178 legia
1068 2107 1103 2161 de
1119 2122 1187 2163 vera
1201 2111 1231 2163 et
1245 2108 1334 2163 veteri
1350 2105 1522 2163 monasterii
1538 2105 1673 2162 libertate
1684 2109 1801 2162 consta·

98 2199 923 2276 liciepostulauit.llosigitur,atteudeutesquodeadsm
978 2211 1102 2264 recum
1119 2196 1201 2252 bona
1217 2195 1365 2254 memorie
1382 2196 1664 2268 innocentiuspnpa
1693 2194 1801 2266 prede-

98 2293 262 2368 privilegie,
279 2306 338 2347 uon
349 2288 595 2358 solummodopro
607 2285 741 2344 libertate
754 2287 924 2345 monasterii
978 2299 1077 2341 cessor
1091 2290 1201 2355 noster,
1218 2284 1290 2342 illud
1307 2285 1337 2341 in
1352 2285 1383 2340 Β.
1402 2284 1477 2341 Petri
1492 2284 1616 2341 tutelam
1644 2284 1803 2357 protectio·

100 2382 256 2448 iaciebant,
273 2380 324 2436 sed
340 2377 415 2450 (252)
431 2376 632 2450 exprimebant
655 2377 705 2447 jus
722 2381 865 2447 nostrum,
895 2381 925 2434 et
979 2389 1106 2446 nemque
1117 2374 1289 2448 susceperit,
1306 2379 1345 2439 et,
1357 2373 1505 2430 cumillud
1517 2372 1655 2446 exprimit
1665 2370 1803 2430 censuale

99 2471 235 2529 Ecclesia
251 2465 730 2539 Romsuaejustitlomtuebuntur3
752 2481 788 2522 ne
811 2465 841 2521 in
871 2483 924 2525 nos
979 2463 1483 2536 subjungat:sdiudiciumautem
1510 2467 1653 2536 perceptae
1682 2462 1805 2534 hujusa

101 2558 274 2619 monasterii
289 2557 369 2614 laesio
385 2555 572 2623 redundaret,
594 2555 632 2611 ad
663 2554 814 2627 privilegia
842 2555 924 2611 exhi·
981 2552 1112 2608 Romana
1130 2551 1260 2609 Ecclesia
1275 2552 1431 2625 libertatis,
1447 2554 1521 2609 duos
1546 2552 1689 2608 bizantios
1718 2551 1804 2608 annis

101 2650 209 2717 benda,
225 2651 338 2720 partem
353 2647 418 2718 ejas
433 2645 469 2700 de
483 2644 578 2716 gretia
602 2644 741 2700 duximus
766 2643 924 2702 admitten-
980 2645 1107 2719 singulis
1122 2644 1206 2702 uobis
1222 2646 1389 2718 nostrisque
1403 2645 1626 2704 successoribus
1648 2643 1804 2718 persolvet.

103 2738 223 2797 dam.Ut
238 2742 336 2795 autem
350 2734 466 2808 plenius
481 2734 517 2791 de
532 2734 812 2807 procesanndicum
826 2750 925 2806 posse·
981 2738 1039 2791 lloc
1053 2738 1152 2791 eutem
1163 2735 1475 2793 lelicisrecordetionis
1486 2735 1605 2802 Lucius,
1616 2734 1767 2807 Eugenius
1777 2738 1806 2791 et

10 2827 14 2833 '
103 2823 345 2897 musintelligere
358 2823 520 2891 ueritatem,
533 2826 616 2895 gesta
630 2821 740 2889 omnia,
755 2821 833 2878 sicut
861 2827 926 2880 octe
979 2823 1127 2880 Adrianus
1141 2823 1372 2898 suisprivilegiis
1382 2829 1601 2897 expresserunt,
1611 2823 1806 2881 licettuoiiet

103 2917 221 2973 inerant
235 2930 333 2970 coram
349 2913 402 2981 eis,
419 2912 538 2985 utrique
562 2911 647 2968 nobis
671 2911 820 2983 jussimus
848 2913 928 2969 cabi·
981 2912 1102 2984 Bugonii
1118 2912 1203 2969 nobis
1219 2929 1276 2969 non
1292 2913 1401 2969 luerint
1423 2913 1593 2970 authentice
1620 2916 1804 2986 presentata.

103 3005 178 3062 beri.
192 3002 348 3075 Proposuit
363 3002 454 3075 igitur
468 3000 639 3057 monasterii
651 3005 833 3073 procurator,
847 3003 926 3074 quod
980 3008 1088 3064 Contra
1102 3005 1157 3062 huc
1171 3009 1282 3077 autem,
1297 3010 1341 3073 tu,
1356 3007 1445 3062 irater
1455 3007 1601 3079 episcope,
1611 3007 1805 3078 proponebas,

104 3093 263 3168 praedictus
278 3092 316 3148 ll.
330 3089 549 3148 colimbriensis
564 3090 731 3163 episcopus,
748 3093 925 3148 monasterio
981 3099 1060 3170 quod
1071 3097 1478 3170 diotipraedecessoresnostri
1489 3097 1602 3155 nullam
1612 3098 1809 3171 penitusprae·

103 3184 215 3240 Sancte
230 3180 408 3240 Cruciscum
423 3179 582 3254 parochiis,
599 3178 787 3252 parochianis
809 3186 838 3236 et
858 3197 927 3238 con·
981 3186 1059 3242 dicto
1075 3186 1253 3243 monasterio
1264 3187 1659 3254 concesseranilibertatem,
1671 3188 1721 3243 sed
1732 3186 1807 3243 illud

102 3274 244 3331 iratribus
259 3272 335 3340 suis,
351 3272 387 3328 ab
403 3271 483 3328 omni
495 3269 927 3343 episcopalijureetexactione
981 3278 1097 3331 tentum
1113 3275 1170 3330 sub
1193 3274 1373 3347 protectione
1397 3278 1578 3348 receperant,
1606 3276 1643 3331 de
1672 3273 1808 3331 libertate

103 3364 220 3438 plenam
249 3367 434 3420 concesserat
456 3360 622 3417 libertatem
652 3366 681 3416 et
708 3362 927 3419 concessionem
981 3362 1644 3433 nonhabitamentione,nisiubidiciturzad
1664 3364 1808 3422 indicium

104 3468 189 3509 suam
206 3451 235 3507 in
251 3450 307 3506 scri
312 3449 369 3522 ptis
386 3450 547 3521 redegerat,
564 3453 593 3504 et
604 3448 863 3506 Colimbriensium
879 3467 926 3507 ca·
981 3457 1079 3509 autem
1096 3458 1237 3526 perceptu
1253 3453 1343 3525 hujus
1356 3471 1374 3510 e
1388 3455 1457 3511 sede
1472 3453 1634 3526 apostolica
1648 3453 1806 3523 libertatie;

104 3540 288 3606 occisorum,
304 3538 443 3610 quoniam
457 3536 548 3593 iuhoc
559 3539 927 3609 assensompraestiteraut,
981 3542 1058 3612 quod
1070 3540 1199 3599 ecclesie
1212 3547 1268 3597 tues
1279 3558 1383 3599 nocere
1400 3558 1457 3600 uun
1473 3545 1596 3615 poterat,
1612 3542 1637 3599 ei
1657 3540 1807 3599 subtiliter

103 3626 628 3700 subscriptionibusroboraretouod
640 3627 665 3682 si
676 3626 846 3698 hujusmodi
858 3645 927 3684 con·
970 3621 1164 3702 *pensnretua
1181 3630 1254 3688 Cum
1265 3630 1345 3687 enim
1361 3631 1416 3688 hoc
1431 3647 1591 3704 pronomen
1606 3630 1700 3702 buius,
1716 3631 1758 3686 ibi
1769 3632 1806 3688 ad

105 3717 199 3774 cessio
211 3732 262 3790 per
277 3733 309 3772 se
324 3717 423 3772 forsan
439 3716 544 3772 luisset
554 3716 691 3784 invalida,
709 3733 760 3786 per
774 3720 927 3775 confirma·
981 3717 1099 3775 oculum
1114 3719 1187 3775 nibil
1199 3720 1392 3787 demonstret,
1408 3722 1459 3777 sed
1471 3721 1507 3776 ad
1517 3719 1699 3777 intellectum
1710 3721 1809 3793 potius

103 3805 215 3861 tionem
228 3808 326 3860 tamen
342 3802 433 3860 felicis
444 3803 697 3860 recordationisll.
714 3820 806 3877 pape,
819 3807 927 3878 prede·
980 3805 1260 3864 demonstrationem
1272 3808 1366 3866 lacere
1377 3809 1578 3882 dignoscatur,
1590 3825 1626 3865 ne
1635 3810 1809 3882 peregrinus

103 3891 351 3961 cessorisnostri‚
377 3892 429 3962 qui
457 3905 522 3946 eam
551 3906 602 3962 per
626 3890 810 3963 privilegium
839 3910 926 3950 suum
980 3896 1339 3968 sitpenitusintellectus,
1357 3899 1381 3955 ai
1398 3898 1631 3970 asupcrioribus
1659 3914 1718 3955 nou
1746 3897 1808 3955 lor·

104 3982 283 4055 usqueadeo
299 3997 334 4037 ex
349 3984 430 4036 certa
445 3980 566 4036 scientia
589 3980 789 4051 ccollrmurat,
806 3986 839 4038 ut
867 4000 925 4039 non
981 3988 1087 4053 metor,
1102 3985 1219 4041 videtur
1234 4001 1395 4058 pronomen
1411 3987 1509 4059 ipsum
1521 3987 1804 4044 demonstrationem

103 4068 200 4127 solnm
216 4074 346 4127 tenorem
362 4070 427 4141 ejus
455 4069 642 4140 expresserit,
674 4069 722 4124 sed
738 4086 811 4126 usas
839 4071 927 4127 luerit
980 4071 1066 4143 quasi
1080 4073 1175 4130 lacere
1189 4074 1351 4143 relativum,
1368 4091 1401 4131 ac
1428 4075 1624 4148 protectionem
1650 4085 1679 4131 ee
1702 4077 1807 4147 confir-

101 4161 200 4220 verbis
211 4159 384 4232 cjus,robur
392 4157 495 4216 sortite
507 4158 600 4215 luerat
610 4163 757 4231 perpetue
766 4159 925 4227 firmitatis,
979 4163 1140 4229 motionem,
1155 4163 1192 4218 do
1207 4162 1317 4235 quibus
1331 4163 1360 4218 in
1376 4168 1458 4236 parte
1473 4163 1617 4236 superiori
1633 4163 1666 4219 ut
1680 4164 1805 4229 mentio,

102 4266 169 4307 cum
182 4249 357 4307 Coelestinus
370 4264 436 4304 eum
453 4263 541 4319 super
557 4246 610 4303 boc
636 4249 825 4323 postmodum
839 4250 926 4306 tuerit
980 4250 1112 4306 nominet
1125 4249 1301 4320 libertatem,
1313 4253 1450 4321 quamvis
1460 4252 1723 4326 libertasquedam
1736 4269 1807 4309 oum

101 4338 246 4410 imitatus,
262 4341 292 4394 et
307 4336 525 4394 concessionem
543 4335 635 4406 illam,
650 4337 728 4393 sicut
753 4336 803 4393 ille
818 4339 925 4395 condr-
980 4339 1203 4396 confirmatione
1216 4341 1326 4413 pariter
1340 4342 1518 4410 conteratur,
1528 4341 1808 4414 dividelicet,juxte

101 4433 243 4497 maceret,
259 4426 451 4484 confirmavit.
468 4425 587 4494 Verum,
602 4425 639 4481 ad
659 4424 715 4481 hoo
744 4426 799 4482 fuit
814 4442 849 4482 ex
874 4431 926 4484 tue
940 4436 963 4501 1)
981 4428 1274 4498 predictidlexnodri
1282 4431 1470 4502 senientiam,
1483 4436 1588 4504 preter
1597 4431 1805 4488 auctoritatem

101 4521 184 4593 perte
196 4532 383 4589 responsum,
400 4513 478 4586 quod
492 4514 631 4587 praedicta
643 4516 791 4572 concessio
807 4533 865 4572 nou
881 4522 925 4573 te·
979 4520 1145 4592 apostolice
1159 4520 1239 4576 aedis
1252 4537 1341 4594 super
1355 4520 1414 4577 illis
1430 4538 1488 4578 non
1504 4521 1598 4595 possit
1609 4520 1719 4593 aliquis
1733 4537 1806 4577 con·

99 4608 198 4676 nebat,
216 4611 279 4663 tum
294 4606 364 4679 quia
376 4605 473 4662 dictus
489 4606 645 4678 episcopua
656 4622 712 4662 uon
729 4610 864 4678 potuerat
878 4624 923 4664 ec·
978 4608 1081 4679 veniri,
1093 4625 1156 4680 ques
1171 4609 1228 4682 ipsi
1240 4610 1348 4667 luerint
1359 4611 1518 4683 persedem
1530 4610 1720 4684 apostolicam
1736 4626 1806 4667 con·

100 4696 221 4753 clesiam
237 4710 322 4752 suam
340 4699 400 4751 tem
417 4694 576 4750 enormiter
591 4710 657 4749 oum
674 4695 778 4751 ellectu
791 4711 923 4768 gravare,
978 4698 1106 4766 frumeta,
1121 4698 1223 4770 sicque
1238 4701 1316 4771 quod
1333 4700 1362 4754 iu
1378 4700 1533 4773 priuilegio
1549 4699 1666 4773 legitur,
1678 4699 1805 4771 intelllgi

99 4789 164 4843 tum
179 4784 250 4858 quia
264 4784 473 4842 canonicorum
490 4800 630 4840 assensus
646 4801 697 4856 per
712 4785 831 4840 frendes
847 4788 923 4856 ejus,
977 4785 1072 4859 possit
1086 4787 1122 4842 dc
1137 4786 1308 4858 hujusmodi
1319 4788 1464 4846 libertate.
1477 4789 1558 4854 Quod
1571 4793 1669 4845 eutem
1680 4788 1807 4844 isdebe·

99 4873 162 4946 qui,
176 4877 210 4930 ut
223 4889 273 4930 eoa
290 4873 325 4929 ad
342 4888 521 4930 consensum
537 4888 624 4928 suum
649 4872 764 4929 lucilius
784 4871 923 4944 traheret,
978 4874 1029 4931 bat
1043 4890 1108 4931 esse
1123 4891 1241 4944 sensus,
1257 4893 1291 4932 ex
1302 4877 1463 4950 privilegiis
1477 4877 1551 4951 ipsis
1564 4882 1655 4950 patet,
1679 4893 1748 4933 com
1777 4880 1807 4934 et

99 4964 249 5020 asserebat
259 4962 469 5019 monasterium
491 4979 608 5035 semper
622 4961 748 5018 liberum
763 4962 922 5030 exstitisse,
977 4964 1166 5021 innocentius
1181 4965 1339 5024 dimcesani
1355 4967 1483 5040 episcopi
1498 4968 1692 5024 reverentiam
1705 4966 1804 5039 expri-

67 5104 73 5115 ,
97 5051 257 5127 subreptus
272 5052 379 5120 luerat,
395 5055 425 5108 et
439 5069 491 5125 per
506 5051 665 5123 potentiam
683 5055 743 5106 tem
754 5053 819 5123 ejus
832 5067 922 5123 quem
978 5059 1039 5111 mat
1052 5054 1249 5121 essesnlvem,
1263 5059 1292 5111 et
1307 5056 1413 5113 Lucius
1424 5062 1453 5113 et
1467 5057 1615 5130 Eugenius
1631 5062 1804 5131 postprote·

97 5143 177 5217 regis
191 5145 335 5208 extortus,
347 5158 416 5198 cum
432 5141 580 5212 portarius
591 5140 667 5213 regis
678 5138 921 5212 proscriptionem
976 5144 1102 5201 ctionem
1117 5144 1275 5213 indultam,
1290 5149 1319 5202 et
1333 5146 1586 5205 confirmationem
1602 5147 1803 5220 quarumdam

133 5371 205 5445 (248·
223 5375 289 5426 Hac
303 5371 391 5427 verba
405 5368 570 5426 Decretales
584 5370 734 5426 omittunt.
973 5379 1079 5451 fueret.

135 5444 199 5516 (ets
227 5440 365 5500 Decretal.
381 5442 429 5499 od.
443 5442 537 5500 roten
549 5457 608 5498 nec.
1008 5449 1084 5516 (251)
1098 5446 1244 5504 omittunt
1258 5449 1399 5508 Decretal.

136 5516 199 5587 (250
219 5517 332 5572 Desunt
346 5512 407 5569 hnc
423 5513 523 5570 omnia
537 5510 678 5571 Decretal.
695 5512 784 5586 lutra,
798 5515 853 5578 suit
867 5532 919 5589 pro
1010 5518 1085 5590 (252)
1099 5520 1240 5576 Decretal.
1257 5520 1324 5577 add.
1340 5523 1436 5579 etium.
