3780 6000
91 213 160 269 13³9
559 221 769 283 muocuuutt
788 223 828 280 111
847 226 900 279 PP.
919 224 1168 281 suessionen
1184 226 1251 280 uu.
1271 227 1321 280 Xi-
1738 222 1796 277 luto

87 343 234 412 presentis
250 341 345 414 scripti
358 345 514 415 patrocinio
527 347 743 421 cornmunimus,
760 352 911 406 statuentes
926 352 953 418 Α
966 351 1131 407 monasticen
1142 348 1324 424 professionis
1337 351 1426 419 obliti,
1441 365 1530 409 causa
1558 348 1691 407 uitam
1718 364 1796 406 eone·

91 433 122 484 ut
136 428 214 485 nulli
226 432 338 488 omnino
347 433 490 491 bominum
502 435 585 493 liceat
594 435 664 493 banc
670 440 805 509 popinam
814 444 917 495 nostrae
968 439 1068 494 alionis
1082 447 1178 497 coutra
1190 441 1411 496 constitutionem
1421 444 1554 496 nostram
1565 438 1702 495 inuocem
1711 438 1795 510 appel·

91 520 310 589 confirmationis
325 523 479 592 interrepere
494 526 575 582 oeler
592 543 663 582 ausu
692 529 915 584 temerariocou·
969 528 1084 585 lationis
1098 532 1256 601 erumpunt.
1273 528 1346 587 Unde
1368 528 1508 601 quoniam
1531 542 1596 584 non
1620 526 1657 583 ad
1683 529 1733 583 lsoc
1749 530 1788 599 s'

90 609 188 663 traire.
199 609 230 665 st
239 609 300 683 qais
313 613 404 668 cutem
423 615 472 670 boe
481 619 621 673 attentare
632 617 856 690 presumpserit,
869 619 916 672 in·
968 617 1340 691 appellationisssremediuus
1351 621 1513 676 institutum
1528 627 1627 690 utper
1636 634 1700 674 eam
1710 621 1794 687 reputa

90 698 278 769 dipuotionem
292 704 486 777 omnipotentis
501 705 551 762 llei
574 711 600 763 et
623 708 762 765 beatorum
792 707 866 763 Petri
889 713 916 763 et
968 707 1574 781 monosticodissolootur,praesnstibustibi
1590 707 1698 763 litteris
1713 707 1792 763 indat·

90 788 177 844 Pauli
190 793 375 861 apostolorum
391 794 451 865 ejus
465 810 493 850 se
510 798 615 852 nouerit
645 797 832 853 incursurum.
857 797 916 852 Nos
968 814 1064 866 pensus
1072 797 1221 855 monaedes
1233 806 1303 867 tuos,
1318 798 1423 856 sublato
1438 796 1793 872 appellationisobstaeulr,

91 876 183 950 igitur
196 881 385 951 presentium
402 882 484 939 vebis
500 885 673 942 auctoritate
685 887 873 945 concedimus
885 888 917 944 ut
968 886 1118 943 secuudum
1131 887 1264 959 Reputans
1284 888 1357 944 beati
1384 887 1531 945 Benedicti
1556 893 1588 945 et
1619 888 1794 943 institutiones

92 967 194 1023 eodem
210 969 380 1027 authentico
397 972 521 1041 utamini
538 973 628 1031 libere
644 992 677 1032 ae
693 974 825 1032 licenter.
968 976 1133 1034 osonmterii
1147 976 1191 1033 tui
1204 976 1343 1048 corripere
1354 993 1388 1035 ac
1399 977 1584 1050 prioratibus
1599 979 1627 1032 et
1649 975 1719 1032 aliis
1743 979 1793 1033 ole-

126 1056 230 1113 Datum
247 1058 449 1127 laterculum
459 1061 522 1119 Kal.
538 1066 554 1119 J
558 1063 630 1135 unii,
646 1063 833 1136 pontificatus
848 1082 916 1123 noe·
968 1065 1096 1133 dissuis,
1111 1082 1173 1123 cum
1183 1082 1267 1123 causa
1281 1070 1414 1139 caeperit,
1430 1067 1638 1139 appellatione
1661 1069 1793 1137 postposite

91 1144 128 1201 tri
144 1162 222 1203 anno
237 1147 361 1205 decimo.
968 1171 1116 1214 tentavere.
1131 1156 1190 1212 Nos
1204 1155 1362 1230 igiturtuls
1379 1156 1518 1229 precibus
1536 1154 1698 1221 inclinati,
1723 1156 1794 1211 daso-

418 1240 585 1299 ccxxvut.
968 1246 1041 1302 tioni
1053 1250 1110 1302 tua
1125 1245 1312 1318 presentium
1324 1246 1498 1303 auctoritate
1512 1244 1720 1302 consedimus
1736 1261 1793 1317 qua·

348 1344 447 1387 austri
464 1348 656 1389 cuunracsusr.
969 1340 1055 1391 tenus
1070 1335 1173 1392 eodem
1189 1334 1358 1392 authentico
1373 1334 1464 1392 libere
1493 1352 1530 1391 ao
1562 1333 1693 1391 licenter
1706 1334 1792 1390 nuria

276 1422 316 1475 De
329 1421 500 1477 correctione
521 1422 726 1480 nronceborom.
968 1424 1048 1480 Nulli
1062 1439 1132 1498 argo
1147 1424 1268 1480 omnino
1283 1423 1437 1480 bominum
1452 1423 1546 1481 liceat
1567 1422 1652 1479 hanc
1669 1422 1790 1495 paginam

285 1507 443 1580 (Laterani,
459 1527 519 1567 suu
539 1510 601 1568 Kal.
617 1512 721 1586 lunii.)
969 1519 1076 1570 nostrae
1090 1512 1457 1587 concessionisinlringera
1467 1512 1513 1569 vel
1526 1512 1792 1570 eiausutemerario

126 1595 428 1656 Anthentioumbonsn
438 1600 915 1677 memorienlexandripapaeproe·
968 1603 1124 1661 contraire.
1141 1603 1170 1659 Si
1186 1603 1252 1674 quis
1268 1608 1365 1660 autem
1382 1603 1435 1660 hoo
1446 1606 1603 1659 attentare
1613 1616 1794 1675 praesumpse-

92 1684 255 1740 decessoris
272 1688 364 1742 nostri
377 1690 406 1744 in
421 1689 499 1745 huno
517 1691 636 1745 modum
647 1692 731 1748 uobis
747 1694 915 1766 accepimus
968 1693 1016 1763 rit,
1033 1693 1265 1767 indignationem
1282 1693 1493 1766 omnipotentie
1506 1693 1565 1751 Dei
1592 1698 1624 1751 et
1655 1694 1790 1749 beatorm

91 1778 312 1844 presentatum.
327 1777 454 1833 Relatum
467 1782 506 1833 est
515 1779 631 1835 auribus
641 1783 743 1839 nostris
771 1783 842 1855 quod
851 1786 913 1855 oui·
968 1784 1044 1840 Petri
1059 1788 1089 1840 et
1105 1783 1187 1839 Pauli
1203 1782 1402 1854 apostolorum
1417 1784 1483 1856 ejus
1497 1800 1533 1841 se
1559 1783 1683 1840 noverit
1709 1782 1794 1838 inaur-

89 1861 154 1917 dam
166 1863 364 1920 monoclerum
380 1869 492 1922 tuorum
506 1872 661 1940 querentes
682 1886 745 1943 qaae
759 1888 810 1929 suo
838 1877 914 1941 sunt,
969 1889 1083 1931 surum.

90 1966 145 2007 non
159 1966 222 2022 qum
234 1958 300 2010 iesu
314 1955 427 2024 Christi,
450 1958 590 2029 prioratus
614 1963 641 2014 et
669 1960 838 2017 obedientias
859 1963 916 2019 sibi
1005 1963 1110 2017 Datum
1127 1961 1516 2029 Laterani,xv11Kal.Junii‚
1532 1962 1796 2035 pontifioaluaaos·

89 2040 210 2099 ereditas
224 2041 345 2103 detinere
359 2045 497 2104 interdum
516 2054 542 2105 te
555 2054 687 2107 renuente
700 2051 879 2119 contendunt,
891 2057 915 2109 et
969 2052 1007 2107 tri
1023 2068 1100 2109 anno
1117 2053 1242 2109 decime.

1370 2228 1793 2242 .-———--—

1370 2244 1794 2260 ψ

571 2413 1122 2572 inuocauit!
1212 2418 1314 2569 lll

738 2695 898 2756 ROMANI
919 2695 1144 2758 Portululcls

213 2885 784 3018 REGESTORUM
829 2896 1019 3019 SIVE
1068 2892 1684 3023 EPISTOLARUM

665 3145 825 3234 LIBER
856 3148 1209 3241 UNDECIMUS.

549 3505 839 3568 PONTIFICATUS
861 3506 968 3567 ANNO
989 3505 1041 3584 xi,
1064 3504 1217 3567 CHRISTI
1239 3506 1327 3566 ¹208.

487 3877 507 3928 l.
923 3875 944 3942 C
961 3875 1023 3945 jam
1039 3873 1186 3947 expulisse
1196 3872 1333 3928 videntur
1347 3873 1376 3926 et
1388 3870 1487 3925 inloto
1499 3868 1646 3926 ultuntur
1657 3870 1798 3946 expellere

212 3974 309 4015 nomer
321 3975 388 4016 vrso
413 3977 556 4019 urueuuno
576 3979 643 4018 ouer
657 3979 788 4019 enarrarre
970 3965 1153 4020 crucifixum.
1170 3963 1242 4019 Vere
1257 3960 1338 4034 pium
1354 3964 1400 4016 est
1414 3958 1469 4016 hoo
1481 3960 1677 4032 propositum
1699 3965 1729 4018 et
1751 3962 1797 4017 libi

296 4049 334 4103 lle
347 4065 478 4106 succursu
494 4056 576 4108 terrae
588 4057 702 4110 sooetse.
967 4053 1083 4109 coelitus
1098 4049 1421 4126 inspiratumlntendis
1436 4048 1515 4105 enim
1530 4049 1798 4124 suscipiendoeru·

293 4138 452 4209 (Lalerani,
467 4158 493 4196 v1
510 4140 570 4198 Kal.
587 4143 709 4212 Martii.)
968 4158 1030 4199 cem
1047 4142 1167 4198 reddere
1178 4141 1272 4197 vicem
1288 4138 1414 4206 Christo,
1432 4137 1480 4209 qui
1504 4140 1572 4193 tuos
1590 4136 1757 4212 languores
1771 4140 1795 4195 in

123 4226 809 4303 Experimenlodidieimusquodverborumnon
821 4233 912 4289 tueris
967 4232 1032 4304 ipsa
1047 4228 1175 4302 pertulit,
1192 4229 1365 4300 doloresque
1381 4226 1516 4298 portavit.
1534 4225 1651 4284 Verum
1668 4227 1739 4286 lieet
1762 4228 1797 4284 sil

89 4312 249 4371 obliviosus
264 4317 912 4393 auditosquevolentibusirepostDominum
967 4320 1081 4377 devotio
1095 4321 1169 4376 satis
1183 4333 1299 4390 magna,
1317 4315 1496 4372 mullnmeat
1506 4319 1609 4372 tamen
1622 4317 1796 4375 vicissitudo

89 4402 117 4457 in
130 4404 509 4480 Evangelleproponuntur‚
525 4426 593 4466 eum
611 4409 746 4483 religiosa
757 4415 856 4466 mente
868 4427 912 4467 re·
966 4407 1129 4479 dissimilis,
1147 4409 1216 4481 quia
1239 4409 1345 4477 prater
1372 4403 1471 4479 gratie
1500 4403 1708 4462 differentiam
1737 4422 1797 4479 que

88 4493 221 4563 cogitans
236 4495 305 4566 quid
322 4498 466 4554 retribuas
484 4500 606 4555 Domino
621 4517 674 4572 pro
693 4501 911 4571 omnibusque
966 4499 1082 4556 videtur
1096 4496 1257 4554 consistere
1271 4494 1300 4550 in
1318 4493 1471 4561 alterutro,
1494 4492 1519 4549 si
1536 4493 1618 4564 qnod
1654 4495 1796 4552 llominns

88 4581 226 4635 retribuit
241 4582 544 4654 ipsetibi‚cbristum,
557 4588 660 4659 quiesi
676 4602 767 4657 usqne
783 4588 818 4642 ad
833 4604 911 4642 mor·
964 4589 1141 4659 Redemptor
1156 4597 1207 4658 pro
1222 4600 1305 4640 servo
1331 4583 1481 4654 redempto
1507 4579 1645 4654 pertulit,
1674 4583 1795 4640 demum

89 4669 159 4736 tem,
169 4674 293 4725 mortem
303 4677 401 4728 nutem
417 4675 523 4743 crucis,
539 4675 679 4730 obediens
695 4691 746 4746 pro
761 4677 789 4729 te
804 4675 910 4745 iactus,
965 4692 1068 4734 servus
1082 4675 1251 4748 redemptus
1259 4673 1443 4746 perieratpro
1454 4669 1797 4746 Domiuolledemptore,

87 4754 239 4813 humiliter
252 4757 361 4815 imitari
378 4760 521 4833 disponis,
537 4767 565 4819 el
581 4780 632 4834 pro
648 4764 712 4833 ejus
731 4778 830 4819 amore
844 4763 913 4819 oha·
965 4765 1041 4822 inter
1055 4762 1151 4821 crucis
1166 4764 1272 4821 Christi
1289 4758 1454 4835 patibulum
1469 4764 1497 4816 et
1512 4759 1611 4816 crucis
1624 4766 1687 4816 tues
1699 4762 1797 4833 aigna-

87 4860 150 4901 rem
167 4846 332 4918 conjugem,
350 4846 465 4904 dulcem
483 4849 604 4922 prolem,
633 4850 835 4907 delectabilem
859 4869 910 4923 pa·
965 4853 1063 4910 culum
1079 4853 1163 4910 valde
1178 4853 1285 4920 relart;
1302 4866 1368 4906 oum
1383 4849 1437 4907 etsi
1454 4847 1551 4905 erucis
1565 4864 1627 4904 una
1637 4849 1679 4905 sit
1693 4849 1797 4923 gloria,

87 4932 186 5001 triam,
203 4935 360 4993 amabilem
378 4939 570 5009 parentelam,
587 4940 860 5013 divitiasoopiosas,
877 4957 911 4999 uo
964 4942 1369 5017 dlspartamensitinleac
1388 4938 1511 4995 Domino
1541 4937 1608 5008 ejus
1639 4940 1797 5011 poena'lb

88 5024 254 5081 mundanos
270 5025 427 5083 relicturus
444 5027 580 5095 honores,
597 5034 629 5085 ut
644 5030 801 5086 demumle
812 5031 909 5103 ipsum
963 5032 1175 5091 animorucem
1202 5029 1320 5087 mollem
1350 5027 1495 5101 suscipies
1523 5030 1553 5082 et
1580 5042 1723 5099 suavem,
1754 5028 1798 5085 ille

88 5128 154 5169 cum
170 5115 339 5171 carnalibus
356 5117 509 5175 desideriis
524 5119 709 5191 abnegando,
724 5119 846 5177 liberius
860 5137 909 5177 se·
964 5139 1098 5196 asperam
1114 5121 1224 5177 subivit
1238 5124 1266 5176 et
1281 5120 1385 5175 duram
1398 5134 1404 5171 :
1418 5121 1448 5172 lu
1460 5132 1523 5172 eam
1542 5115 1799 5174 investiadeleres

87 5200 189 5269 queris
202 5204 351 5277 eumdem,
367 5207 528 5277 desideras,
545 5214 577 5264 ut
599 5209 778 5281 accepimus,
807 5209 909 5267 tollere
964 5209 1130 5283 superficie,
1145 5209 1194 5265 ille
1208 5208 1238 5265 in
1250 5208 1347 5265 carnis
1359 5203 1481 5280 pertulit
1491 5202 1615 5260 veritate
1628 5223 1636 5272 ς
1648 5210 1685 5261 tu
1698 5208 1796 5279 ipsam

86 5305 198 5348 crucem
211 5296 304 5360 tuom,
317 5300 346 5351 et
360 5295 430 5355 illue
445 5296 493 5353 ubl
508 5302 559 5354 lua
574 5298 654 5354 salus
668 5300 698 5354 in
709 5315 795 5355 cruce
805 5315 911 5372 pepen·
964 5315 1068 5356 assues
1083 5298 1136 5355 libi
1150 5298 1235 5354 lineis
1251 5296 1308 5353 filis
1323 5299 1375 5352 aul
1385 5295 1496 5363 sericis,
1508 5291 1557 5349 ille
1567 5292 1599 5349 in
1610 5308 1646 5350 ea
1659 5296 1799 5352 conlisus

85 5380 129 5437 dit
143 5381 256 5439 ardenti
267 5385 450 5459 succingeris
474 5388 620 5445 desideria
644 5387 794 5459 festinare,
822 5394 853 5444 ut
877 5389 907 5444 in
961 5391 1005 5444 est
1020 5386 1121 5444 lerreis
1137 5385 1227 5443 clavis
1243 5389 1271 5441 et
1285 5384 1378 5442 duris.
1396 5382 1474 5439 Licet
1502 5379 1605 5454 igilur,
1628 5397 1796 5454 qnantum·

86 5470 182 5527 erneis
195 5471 354 5532 victoriose
371 5476 473 5533 vexillo
487 5481 516 5533 te
531 5483 631 5534 eontra
654 5477 832 5550 perfidorum
859 5494 905 5535 oo·
962 5475 1201 5550 cunquemagnis
1216 5473 1336 5532 etduris
1350 5473 1388 5530 eb
1398 5487 1479 5546 spem
1495 5473 1611 5528 eterne
1621 5470 1796 5528 mlribntio·

88 5565 176 5618 natus
190 5577 332 5636 opponas,
346 5565 397 5638 qui
413 5567 448 5623 de
463 5567 558 5624 erucis
571 5566 741 5625 hereditate
769 5565 800 5621 in
825 5571 908 5638 parte
961 5565 1009 5622 nis
1023 5579 1166 5638 exponere
1178 5569 1206 5622 te
1217 5564 1367 5636 disponas,
1380 5561 1416 5619 ad
1431 5560 1559 5618 loturam
1579 5556 1712 5631 gloriam
1728 5575 1794 5634 qua
