3780 6000
69 279 142 334 1⁴69

436 404 529 463 CLVI.

10 495 20 535 Ῐ
70 508 295 550 aucuruulscot’u
309 509 343 547 ΕΤ
357 509 502 549 umscoeis
517 512 550 550 ΕΤ
564 510 694 551 oraturis
707 509 779 548 Flete
805 508 894 549 ΑΒΒΑ·

10 587 12 595 ¹
106 599 189 639 TlBUS
205 598 413 649 baioarenses
426 601 498 663 AbliS
507 600 702 640 ECCLESURUM
717 598 860 639 PRAELATIS

210 690 266 728 PER
281 690 401 730 REGNUM
416 691 547 730 FRANCIAE
563 690 755 731 coasslrums.

574 277 838 335 eoamulcsrus
854 278 955 336 antio
972 278 1022 350 Xi,
1041 280 1187 338 cuntem
1205 278 1286 337 1208.

907 402 1098 471 Adeiensuri
1121 408 1230 461 sanctae
1254 404 1410 461 Trinitatis
1437 404 1591 473 bonorem,
1618 409 1674 464 sub
1697 411 1777 469 trino

1707 283 1777 341 ltro

949 493 1508 567 triumphentregimincmagistrorum.
1520 497 1702 570 Quapropter
1711 500 1777 555 uni·

948 585 1116 641 versitatem
1130 590 1257 641 vestram
1275 586 1435 657 rogandam
1446 586 1584 642 duximus
1599 590 1628 642 et
1652 603 1776 646 meneu-

949 672 1082 747 darnper
1092 673 1252 745 apostolica
1262 673 1345 729 vobis
1359 674 1469 745 scripta
1480 674 1673 746 precipiendo
1687 678 1776 734 *man-

70 763 266 833 Craccripuati
281 762 477 835 suscipiuntur
490 766 541 820 aab
551 766 722 836 protectione
736 761 895 836 apostoticae
948 760 1287 835 dantesquatenusapud
1298 763 1553 818 subditosveatros
1564 764 1776 823 studioseduln

417 854 499 909 redis.
947 851 1162 923 praedicationis
1178 857 1207 908 ct
1220 851 1431 908 exhortationis
1455 852 1576 908 instetis
1587 858 1619 908 ut
1635 855 1670 909 ad
1700 873 1774 927 opus

265 942 434 1015 (Ferentini,
450 960 468 999 v
486 944 524 1000 ld.
542 944 698 1016 Octobris.)
946 944 1007 995 tam
1024 944 1157 996 sanctum
1174 946 1234 997 tam
1250 957 1301 1012 per
1315 957 1346 996 se
1363 956 1451 1014 quam
1470 957 1519 1012 per
1533 957 1585 996 sua
1598 944 1773 1014 obsequium

105 1033 182 1087 Oum
196 1048 248 1104 pro
263 1031 398 1088 Ecclesia
414 1033 548 1090 libertato
570 1037 734 1106 pugnantes
762 1032 893 1089 Ecclesia
947 1029 1005 1085 Deo
1029 1030 1167 1086 dovotum
1187 1033 1216 1086 et
1237 1029 1379 1086 auxilium
1409 1030 1544 1087 Ecclesiae
1570 1038 1769 1103 opportunum

70 1121 194 1177 deceant
206 1121 534 1194 patrociniocouloveri,
550 1123 722 1179 auctoritate
733 1121 893 1193 apostolica
946 1119 1774 1193 impendant,scientesrernissionempeccaminuma[leo
1840 1174 1844 1181 ,

69 1209 281 1265 constituimus
297 1213 329 1266 ut
347 1210 447 1266 dilecti
459 1211 510 1266 Otii
526 1212 562 1266 ad
587 1211 761 1283 obsequium
787 1210 893 1267 Christi
945 1210 1070 1281 ejusque
1085 1211 1193 1266 vicario
1210 1210 1355 1266 universis
1371 1209 1515 1265 indultam
1531 1210 1581 1282 qui
1601 1211 1767 1269 orthodoxas

68 1298 176 1371 signati
190 1304 291 1355 contra
306 1300 501 1372 provinciales
512 1300 668 1357 hereticos
684 1298 728 1357 vel
743 1299 891 1373 signandi,
947 1298 1012 1355 lidei
1024 1299 1227 1357 zelosuccensi
1238 1300 1273 1356 ad
1284 1299 1774 1373 opusscacciuxerinthujusmodi

67 1404 102 1443 ex
113 1404 170 1460 quo
184 1387 410 1445 vivificaecrucis
422 1390 588 1462 signumad
601 1391 829 1464 expugnandum
851 1391 893 1463 ip·
946 1389 1074 1461 pietatis,
1090 1393 1123 1446 nt
1136 1390 1178 1446 eis
1192 1388 1275 1447 labor
1285 1394 1472 1445 tamsauetus
1485 1390 1521 1444 nd
1543 1390 1639 1462 operis
1654 1392 1775 1450 satista-

68 1494 120 1544 gos
136 1477 465 1535 baereticossecundum
487 1480 700 1537 ordinationem
729 1479 892 1552 legatorum
946 1478 1773 1552 ctionemsutticiatsuperillisoliensispruquibuscordis

68 1570 236 1624 nostrorum
249 1568 277 1623 in
290 1569 528 1641 pectoribussuis
539 1570 733 1643 susceperint,
743 1574 802 1625 tam
823 1584 891 1624 cum
947 1569 1153 1624 contritionem
1169 1573 1198 1624 et
1208 1569 1267 1625 oris
1279 1568 1493 1624 consessionem
1504 1584 1601 1625 veram
1612 1569 1773 1628 obtulerint

68 1659 204 1730 personis
216 1675 305 1730 quarn
316 1660 657 1732 terris,possessiouibus
669 1665 698 1717 ct
709 1659 891 1730 bominibus,
946 1675 1012 1715 vero
1028 1657 1097 1714 Deo.
1112 1659 1186 1714 Cum
1202 1664 1300 1715 autem
1313 1659 1502 1730 prolraterna
1512 1659 1687 1715 detonsione
1714 1676 1771 1733 pu·

68 1763 182 1803 necnon
197 1749 583 1806 etcaeterisboniesuissub
596 1748 850 1823 apostolicaesedis
863 1752 932 1843 (ΑΒ
947 1746 1773 1821 guantesafrateruisdeceatinjuriisexpediri‚volnrnus

69 1839 171 1891 nostra
183 1837 545 1908 protectioueconsistant,
562 1839 692 1895 etdonec
703 1839 738 1895 de
752 1839 885 1911 ipsorum
947 1842 974 1894 el
987 1839 1163 1893 mandamus
1179 1842 1210 1892 ut
1224 1836 1249 1892 si
1264 1837 1313 1909 qui
1339 1835 1483 1892 nobilium
1510 1835 1686 1893 elericorum
1720 1854 1773 1895 seu

60 1925 154 1981 reditu
172 1926 214 1982 val
231 1927 311 1983 obitu
328 1928 487 1984 certissima
502 1935 708 2002 cognoscatur,
725 1946 758 1985 ea
786 1928 886 1983 omnia
940 1928 1030 1985 etiarn
1043 1927 1185 1983 laicorum
1197 1929 1297 1983 contra
1307 1924 1657 1998 pestilentesbujusmodi
1669 1940 1768 1999 proce·

60 2015 88 2070 in
102 2030 156 2071 suo
173 2020 253 2072 statu
269 2017 362 2074 libera
374 2021 721 2091 permaneantetquieta.
744 2020 885 2086 Quocirca
943 2015 1076 2074 dentium
1088 2016 1124 2072 ad
1141 2016 1322 2089 praestandas
1333 2030 1440 2072 usuras
1450 2017 1770 2086 jurameutotenentur

59 2105 231 2162 discretioni
243 2111 344 2163 vestra
357 2124 408 2180 per
417 2108 578 2180 apostolica
589 2109 697 2181 scripta
709 2111 884 2170 mandamus

58 2196 885 2272 quatenussiquisvestrarumdioecesumpraedictabona

59 2283 193 2355 ipsorum
208 2286 327 2342 interim
340 2289 511 2358 perturbare
522 2289 787 2358 tentaverit,cuma
813 2308 879 2363 pro·

60 2376 256 2442 curatoribus,
273 2376 462 2444 officialibus,
478 2377 520 2434 vel
533 2379 628 2434 nuntii
649 2396 750 2436 eorum
767 2381 883 2438 fueritis

61 2463 400 2536 requisiti,injuriatores
416 2482 468 2523 eeu
480 2468 701 2539 perturbatores
717 2485 818 2525 eorum
831 2488 882 2542 per

59 2566 215 2610 censuram
231 2554 401 2612 canonicam
413 2555 607 2629 appellatione
622 2560 786 2631 postposita
799 2578 882 2617 corn·

59 2642 194 2712 poscatis.

96 2727 202 2785 Oetam
218 2730 377 2799 Ferentini,
391 2750 409 2790 v
424 2732 493 2789 idus
521 2732 666 2802 Octobris,
694 2736 882 2806 pontificatus

63 2818 158 2873 nostri
173 2835 252 2875 anuo
269 2822 436 2878 undecimo.

416 2947 522 3006 cuvu.

62 3051 212 3094 UNIVERSIS
227 3055 354 3096 casulem
381 3059 417 3097 AO
437 3056 587 3105 OSEQUIUM
612 3058 723 3099 cuntem
753 3059 881 3100 eruunrts

94 3141 203 3182 curem
217 3144 422 3187 panvinctatss
437 3148 599 3188 menesteus
613 3149 667 3188 VEL
681 3148 842 3191 stuuanule.
897 3140 920 3210 c

370 3224 409 3276 Oe
424 3222 521 3277 cortem
535 3237 575 3279 re.

97 3323 169 3380 Cum
183 3325 351 3384 orthodoxae
369 3325 504 3384 tideizelo
515 3329 648 3386 succensi
660 3331 695 3386 ad
711 3347 884 3405 expugnan-

61 3413 128 3469 dam
146 3414 315 3474 hareticam
334 3418 509 3490 pravitatem
525 3418 713 3477 decreveritis
727 3422 885 3493 proticisci,

59 3505 249 3575 praesentium
266 3507 347 3563 vobis
357 3508 530 3564 auctoritate
537 3510 724 3566 concedimus
739 3516 886 3583 quatenus

62 3592 885 3672 redditusvestrospropietatisbujusopereadimpleudo

62 3680 148 3738 liceat
162 3685 245 3740 vobis
262 3685 377 3758 pignori
393 3703 444 3758 per
468 3686 619 3743 biennium
636 3688 775 3761 obligare.
805 3689 884 3745 Nulli

62 3790 131 3845 ergo
143 3777 264 3831 omuino
276 3776 429 3832 bominum
441 3777 609 3834 liceatbanc
623 3779 760 3852 paginam
778 3785 885 3838 nostres

63 3862 263 3918 concessionis
287 3863 458 3937 infringere,
475 3870 543 3933 etc,
559 3882 644 3938 arque
672 3869 826 3925 contraire.
854 3869 883 3926 si

61 3952 127 4024 quis
143 3960 240 4010 autem
257 3954 311 4012 buc
326 3960 468 4012 attentare
478 3959 708 4031 presumpserit,
724 3964 790 4028 eta,
800 3977 886 4033 usque

60 4058 260 4098 incursurum.

97 4131 202 4186 Datum
215 4132 373 4199 Ferentini,
388 4149 439 4189 vin
464 4134 533 4190 Idus
548 4134 678 4206 Octobr.,
696 4138 884 4209 pontificatus

62 4223 153 4277 nostri
168 4239 246 4278 auno
261 4224 427 4280 undecimo.

412 4352 534 4409 CLVlll.

60 4454 293 4495 ancurerrscoers
307 4457 342 4495 m
356 4457 501 4498 saracems
516 4459 550 4498 ur
564 4460 689 4501 arcanus
718 4462 799 4502 rrnrrs
815 4464 884 4504 auru

103 4544 302 4585 accusaraauu
315 4545 459 4586 emanare
474 4547 504 4587 ra
520 4549 614 4589 necao
628 4550 840 4592 sussuranen-

404 4634 540 4678 mauris.

374 4708 411 4763 Oc
424 4707 520 4765 ecdem
535 4728 575 4767 re.

245 4798 416 4869 (Ferentini,
431 4814 471 4854 vu
487 4800 529 4856 ld.
545 4801 702 4876 Octobris.)

97 4920 133 4973 Ut
148 4919 252 4972 contra
283 4914 508 4973 crudelissimos
534 4916 634 4975 hostes
660 4936 731 4976 suos
755 4921 884 4979 Ecclesia

58 5013 159 5065 sancta
170 5008 218 5064 Oei
230 5006 371 5064 terribilis
382 5009 467 5082 quasi
480 5014 643 5066 castrorum
655 5010 732 5068 acies
747 5013 884 5069 ordinata

58 5096 881 5172 procedatadexterminandumpravitatishaereticaee-

57 5191 194 5255 ctatores,
211 5203 274 5259 qua
290 5203 412 5260 serpens
429 5191 461 5244 ut
474 5205 578 5245 cancer
600 5190 782 5247 Provinciam
809 5207 881 5263 pene

56 5281 145 5332 totam
157 5277 267 5343 intecit,
281 5277 418 5349 presidia
432 5277 545 5334 militias
558 5278 731 5336 Christiana
760 5281 795 5337 de
822 5281 879 5337 cir·

56 5366 231 5439 cumpositis
243 5366 561 5439 regionibusduximus
575 5372 772 5438 convocanda,
799 5387 881 5428 vene·

55 5454 198 5512 rabilibus
214 5455 355 5512 tratribus
366 5457 474 5513 nostrIs
486 5457 702 5516 Consoranensi
712 5466 741 5517 et
755 5459 880 5534 Regensi

941 2106 1232 2175 astricti,creditores
1242 2121 1344 2161 eorum
1356 2105 1385 2160 in
1394 2104 1500 2161 vestris
1512 2104 1764 2161 dioecesibusoou·

944 2197 1076 2263 stitutus,
1091 2195 1201 2252 cumab
1212 2193 1286 2268 ipsis
1294 2194 1408 2250 fueritis
1422 2193 1624 2267 requisiti,per
1651 2210 1759 2250 ceusu·

943 2303 1006 2342 ram
1024 2284 1251 2342 ecclesiasticam
1268 2282 1463 2357 appellatione
1473 2283 1768 2356 postpositacompel·

942 2376 1010 2432 latis
1021 2379 1054 2431 ut
1068 2391 1118 2432 eos
1133 2391 1150 2431 a
1163 2375 1331 2446 juramento
1355 2373 1473 2446 penitus
1502 2372 1697 2441 absolventes,
1726 2372 1763 2430 ab

940 2482 1099 2522 usurarum
1116 2464 1240 2521 ulterius
1263 2463 1414 2520 exactione
1442 2461 1596 2519 desistant.
1627 2463 1761 2529 Quodsi

937 2555 1095 2628 quisquam
1109 2553 1286 2610 crediturum
1300 2553 1380 2624 ipsos
1391 2552 1429 2608 ad
1444 2549 1619 2608 solutionem
1628 2557 1762 2625 coegerat

937 2640 1766 2714 usurarum,ipsumadrestituendumeaedem,postquum

939 2730 1764 2806 luerintpersolutae,similicensurasublateappellatio·

936 2818 1766 2893 nisobstaculocoarctetis,oreditorestaliumdiligentius

938 2931 1026 2986 quarn
1042 2911 1175 2987 poteritis
1189 2911 1362 2967 inducentes
1379 2914 1526 2982 quatenus
1555 2909 1697 2966 terminos
1723 2911 1761 2967 ad

935 3004 1112 3062 solutionem
1128 3000 1292 3058 debitorum
1319 2999 1461 3073 praelixas,
1477 2999 1570 3055 donec
1598 2998 1641 3054 illi
1669 2998 1764 3056 labori

939 3093 1107 3152 vacaverint
1117 3092 1294 3163 hujusmodi
1323 3090 1441 3162 pietatis
1470 3087 1630 3161 elongent3
1658 3095 1692 3145 ut
1720 3090 1764 3147 sio
1862 3124 1866 3131 ·

940 3185 1060 3242 demum
1077 3181 1280 3239 retributionis
1305 3196 1407 3237 eorum
1432 3179 1583 3251 gaudeant
1611 3178 1765 3250 participio

941 3290 1069 3349 quorum
1084 3277 1230 3329 certamen
1247 3271 1299 3326 tali
1314 3269 1676 3343 promoventadjurneuto.
1687 3267 1765 3324 Pra-

940 3370 1020 3423 terea
1035 3381 1102 3422 oum
1118 3380 1176 3420 nou
1192 3359 1497 3418 videaturabsurdum
1511 3364 1543 3415 ut
1553 3357 1603 3431 qui
1615 3356 1763 3431 publicam

940 3472 1061 3513 causam
1075 3458 1192 3528 gerunt,
1212 3451 1338 3526 publicis
1363 3448 1520 3521 stipendiis
1548 3450 1762 3518 sustententur,

941 3536 1763 3615 universostamclericosquamlaicosiuterranabilium
1863 3572 1866 3581 ·

940 3637 1071 3693 virorum
1086 3635 1154 3690 duci
1170 3632 1348 3706 Burgundiae
1362 3628 1590 3685 etNivernensis
1615 3633 1643 3683 et
1666 3625 1764 3683 Sancti

941 3726 1024 3783 Pauli
1035 3723 1177 3781 comitum
1194 3738 1305 3779 necnon
1321 3720 1410 3777 etiam
1426 3717 1550 3774 aliorum
1567 3716 1618 3791 qui
1646 3717 1680 3772 ad
1700 3720 1762 3775 tam

941 3815 1101 3889 gloriosum
1118 3817 1263 3870 certamen
1276 3809 1384 3883 signati
1395 3809 1506 3866 luerint
1515 3807 1692 3864 constitutos
1701 3821 1763 3861 mo·

942 3904 1036 3961 neatis
1047 3903 1241 3977 prudenteret
1253 3898 1412 3956 efficaciter
1422 3895 1568 3953 inducatis
1581 3894 1763 3967 utquemad·

941 3995 1061 4051 modum
1077 3990 1258 4049 venerabiles
1279 3989 1383 4045 iratres
1407 3986 1501 4043 nostri
1524 3983 1764 4056 archiepiscopus

941 4084 1119 4142 Senoneosis
1129 4087 1157 4140 et
1168 4080 1345 4154 suffraganei
1361 4080 1426 4151 ejus
1440 4077 1545 4133 iecisse
1554 4072 1765 4143 noscuntur,de

941 4171 1319 4247 cunctisproveutibueeuis
1329 4171 1417 4226 unius
1428 4167 1498 4224 anni
1508 4166 1544 4222 ad
1555 4170 1615 4222 tam
1627 4166 1765 4220 sanctum

941 4251 1766 4335 etsumptuosumopusimplendumportionemeisdeci·

942 4369 1021 4409 mam
1038 4351 1211 4424 largiantur,
1227 4349 1375 4421 deputatis
1384 4345 1535 4418 aliquibus
1550 4342 1620 4399 viris
1633 4338 1763 4413 providis

941 4429 1762 4510 aclidelibusadeleemosynamhujusmodicolligendam

900 4504 926 4572 Ῑ)
941 4532 991 4605 qui
1007 4530 1157 4589 collectam
1174 4529 1326 4600 assignent
1339 4525 1413 4581 siout
1427 4519 1560 4597 predicti
1568 4519 1656 4593 legati
1669 4519 1762 4576 duxe-

940 4622 1001 4678 rint
1017 4620 1245 4692 disponendum.

974 4711 1080 4767 Datum
1095 4706 1253 4777 Ferentini,
1275 4720 1313 4760 vu
1337 4702 1407 4759 idus
1436 4701 1549 4772 Octob,
1574 4696 1761 4772 pontificatus

938 4800 1031 4859 nostri
1046 4815 1123 4855 anno
1136 4794 1301 4853 undecimo.

1311 4935 1391 4994 cmx

1074 5046 1204 5087 ruiniaco
1215 5043 1344 5085 uuusrar
1355 5041 1421 5082 asor
1435 5036 1620 5080 smacoaum

1037 5131 1069 5189 tlt
1082 5129 1173 5187 imai
1185 5129 1331 5187 remittunt
1340 5140 1443 5182 caurus
1456 5120 1661 5188 nucerianum.

1117 5226 1288 5301 (Ferentini,
1303 5242 1344 5283 vu
1359 5223 1400 5281 ld.
1417 5217 1576 5290 Octobris.)

970 5372 1007 5429 Ut
1016 5374 1119 5428 contra
1128 5366 1351 5426 crudelissimos
1363 5365 1464 5420 hostes
1475 5357 1677 5418 suoslicclesia
1687 5374 1756 5416 eau-

933 5472 981 5520 cta
990 5461 1120 5531 Oei,eto.,
1137 5464 1168 5516 art
1178 5457 1208 5514 iu
1222 5458 1293 5523 alio,
1309 5469 1396 5526 usquc
1407 5470 1413 5508 :
1426 5449 1756 5522 Quaproptersereuitu·

56 5544 203 5617 episcopis
218 5562 331 5602 necnon
347 5550 375 5601 et
389 5545 494 5603 dilecto
508 5547 760 5608 uliocisurciensi
775 5551 880 5609 abbate
934 5558 994 5612 tem
1010 5551 1121 5625 regiam
1138 5547 1298 5621 rogandam
1313 5543 1492 5600 duximuset
1507 5537 1696 5607 mouendam,
1723 5536 1754 5591 in

54 5633 225 5707 apostolicas
240 5634 319 5692 sedis
331 5632 435 5707 legatis
446 5637 596 5710 deputatis
607 5638 680 5713 ipsis
693 5639 725 5696 in
740 5640 830 5699 duces
847 5646 880 5698 ut
934 5642 1136 5701 remissionem
1144 5638 1198 5696 sibi
1205 5628 1754 5712 peccaminuminiungentesquateuus
