3780 6000
20 910 23 916 .
134 855 335 931 quagesimam
352 853 505 911 conferent
520 853 695 926 partionem,
712 852 753 909 lta
768 852 846 924 quod
861 852 960 925 [inter-

38 1064 41 1068 ·
135 1050 202 1092 vero
217 1033 284 1106 plus
299 1033 434 1089 minusve
449 1030 763 1104 hujusmodireddltus
774 1031 959 1100 minuuntur,

52 1662 56 1669 '
136 1667 219 1719 tuere
234 1662 307 1718 lorte
322 1659 457 1726 voluerit,
473 1658 612 1715 ethoccx
636 1660 724 1715 rebus
752 1656 885 1715 Ecclesia·
914 1658 961 1715 cui

131 279 202 338 1139
616 277 825 334 inuocnnru
844 274 884 331 lll
903 277 957 331 PP.
977 272 1225 334 ssessionem!
1242 270 1309 332 titt.
1329 278 1367 330 X.

128 407 280 467 vindicare
296 416 354 463 non
367 405 462 478 possit
478 403 552 462 sicut
567 420 584 460 a
600 401 686 459 nobis
705 401 773 458 alibi
799 400 959 458 rationabi-
974 401 1003 469 Α
1377 400 1471 458 Xth.

131 500 200 557 liter
213 501 259 556 est
273 502 424 555 ostensum
442 496 491 569 (5),
508 510 559 567 per
574 510 638 550 eam
655 508 685 550 se
700 496 851 566 nequount
862 493 899 549 ab
913 493 958 566 lp·
1228 507 1391 548 maacuiorsr
1405 507 1441 547 os
1463 506 1631 548 mansarum

132 589 196 646 eius
206 585 393 661 prestatione
403 584 479 641 tueri
491 585 541 654 (ὅ).
552 584 696 640 Ceterum
708 597 775 639 cum
787 582 960 656 plerumque
1015 581 1157 638 inhibetur
1171 596 1206 667 ne
1220 583 1363 665 pressione
1376 579 1564 665 pedcpttntste
1577 582 1718 665 stationes
1734 579 1841 634 wers-

131 679 284 751 contingat
300 677 377 749 quod
394 673 524 748 episcopi
539 673 705 731 successive
722 672 794 730 locis
814 672 959 746 religiosis
1048 669 1113 710 m·
1127 655 1241 710 cenete
1256 670 1285 709 Μ
1301 662 1374 710 'ma
1388 668 1441 709 ’Μ
1455 653 1564 723 ‘litii‘tl
1588 666 1717 725 restim
1738 665 1844 725 W*

132 768 168 824 da
184 764 350 824 redditibus
365 764 416 837 qui
432 763 580 838 pertinent
592 763 628 820 ed
640 763 769 832 eosdem,
779 761 858 819 ultra
872 760 961 835 quin·
1050 727 1349 798 mmm'u'iwdan‘ffl
1363 725 1526 826 {millim-
1559 812 1564 824 Ι
1582 813 1588 825 ⁸

1228 815 1388 886 (Laterani,
1398 830 1427 870 ss
1443 813 1485 871 ld.
1497 811 1632 886 Aprilis.)

1050 902 1844 977 Auctoritatepresentiumprohibemuenequisoocs·

1016 995 1099 1052 sione
1108 994 1225 1068 pedagii
1237 995 1315 1067 quod
1327 998 1395 1051 anta
1405 997 1548 1052 statutum
1557 994 1768 1052 lateranensis
1777 1011 1844 1052 eon·

1015 1084 1074 1141 eitii
1087 1100 1177 1157 super
1189 1084 1244 1140 hoe
1254 1083 1366 1141 editum
1381 1084 1411 1141 iu
1426 1087 1504 1142 terra
1513 1088 1565 1141 tua
1574 1083 1669 1158 recipi
1685 1101 1845 1143 consuere-

1016 1177 1108 1242 rat,te
1118 1177 1277 1246 presumat
1286 1190 1336 1245 per
1347 1172 1746 1233 censuramecclesissticsm
1757 1173 1845 1232 mole-

1016 1268 1105 1333 stare,
1121 1261 1178 1318 uisi
1204 1262 1302 1319 forsan
1332 1262 1452 1335 antiquo
1480 1267 1510 1320 et
1532 1263 1698 1337 approbato
1725 1264 1846 1338 pedagio

1017 1351 1162 1409 abutaris.
1178 1350 1257 1409 Nulli
1272 1367 1377 1425 ergo...
1393 1357 1502 1410 nostre
1516 1352 1732 1426 prohibitionis
1747 1358 1802 1409 etc.
1817 1353 1845 1409 Si

134 946 206 1003 dum
218 961 309 1018 usque
318 945 353 1000 ad
365 943 479 1000 tertiam
492 940 961 1015 partemvelquartem,intcrdum

134 1127 186 1181 tua
201 1124 369 1180 fraternitas
381 1139 435 1179 uos
449 1121 599 1178 consuluit
614 1125 713 1178 utrum
741 1121 961 1178 successoribus

133 1212 303 1272 eorumdem
315 1229 349 1269 ea
363 1211 649 1285 quaetaliteriuerint
663 1209 740 1267 ultra
751 1210 961 1284 quinquagesi-

132 1320 210 1361 mam
227 1300 392 1377 portionem
403 1318 554 1372 concessa,
570 1300 654 1357 llceat
669 1300 857 1374 aliquetenus
878 1316 961 1357 revo-

132 1410 208 1450 care.
225 1393 284 1449 Nos
299 1389 589 1465 igiturinquisitinui
606 1394 663 1446 tue
677 1389 775 1447 taliter
802 1389 961 1465 responde·
1060 1441 1065 1453 ,

132 1500 213 1552 mus,
230 1483 306 1555 quod
326 1481 394 1537 licet
408 1480 446 1536 sit
461 1481 491 1536 in
507 1496 618 1536 canone
634 1479 793 1536 diffinitum
807 1483 841 1536 ut
855 1478 880 1535 si
895 1479 961 1551 quis
1016 1457 1084 1515 ΨΜ
1096 1444 1207 1508 ‘mmm’
1222 1445 1277 1501 οἷο·

26 1564 29 1568 ’
136 1573 342 1646 episcoporum
361 1572 388 1627 in
406 1568 963 1643 parochiasuemouasteriumconsti·
1054 1535 1159 1590 Duum
1176 1531 1585 1707 L⁸t⁰r⁸⁰12¹v;{¹;?¹?pri¹i⁸'

1214 1755 1399 1797 ...nawense
1409 1754 1646 1798 secntnrtsnoro.

1600 1549 1683 1591 auno
1705 1532 1828 1590 decimo.

135 1750 275 1827 presidet
289 1750 353 1823 ipse
369 1749 472 1819 ditare,
488 1765 546 1804 non
575 1748 704 1820 emplius
732 1748 842 1806 ibidem
871 1764 1001 1834 quemp
1332 1820 1334 1824 Α

135 1840 422 1915 quinquagesimam,
443 1836 577 1895 lleclesie
592 1853 659 1895 sero
684 1854 772 1910 quam
789 1838 960 1896 monasticis
1051 1829 1394 1903 thcvdt'itttltitmllettm
1409 1830 1529 1903 ”edim
1540 1831 1629 1904 titini
1643 1833 1673 1887 ⁶3
1685 1832 1732 1888 ¹⁸¹5
1745 1832 1840 1890 wilm·

82 1980 84 1987 i
134 1928 244 2001 regulis
259 1928 417 1985 informare
428 1925 471 1983 vel
487 1944 539 2002 pro
555 1927 617 1984 suis
634 1927 822 2000 magnificare
838 1926 962 1985 voluerit
1224 1919 1381 1992 (isthmi,
1395 1928 1442 1975 ¹⁹1
1459 1918 1521 1977 Καὶ·
1538 1918 1631 1994 Matl.)

134 2016 307 2092 sepulturis,
319 2034 377 2073 uon
390 2015 518 2089 amplius
533 2032 622 2089 quam
638 2016 830 2073 centesimam
846 2021 960 2091 partem
1053 2017 1130 2076 Licet
1144 2017 1313 2092 abantiquo
1329 2018 1448 2091 provida
1464 2018 1550 2076 tuerit
1560 2019 1777 2078 deliberatione
1786 2023 1841 2078 ets·

136 2124 245 2166 census
259 2104 394 2163 licclssiae
409 2105 455 2162 eui
473 2109 580 2180 preest
603 2105 708 2162 debeat
736 2104 864 2180 elargiri.
889 2104 962 2173 Quia
1017 2110 1114 2164 tutum
1127 2111 1160 2163 ut
1175 2107 1285 2164 electus
1296 2106 1325 2161 io
1337 2106 1473 2164 Ecclesie
1489 2107 1671 2166 Ravennatis
1684 2109 1840 2166 antistitem

137 2198 277 2255 tamenin
290 2197 392 2253 eodem
406 2188 963 2270 cannueconsequenteradjungiturut
1016 2195 1245 2254 consecrationis
1260 2197 1428 2267 manassei
1444 2196 1468 2253 si
1484 2200 1706 2256 consecrandus
1717 2201 1841 2256 nonius·

138 2289 201 2344 hee
214 2286 438 2359 temperamenti
468 2284 590 2358 equitas
615 2284 786 2343 observetur
807 2286 884 2360 quod
915 2287 961 2344 cui
1016 2282 1726 2359 rit,palleumadRomanamaccedatllcolesiam
1747 2304 1841 2346 susee-

136 2377 252 2447 tribuit,
268 2379 437 2448 competens
454 2375 618 2430 subsidium
635 2374 774 2444 conferat,
791 2376 963 2433 etcuilollit
1018 2375 1569 2448 pturus,necessitatlstamenejusdem
1581 2378 1717 2435 ecclesie
1733 2383 1841 2450 tueque

136 2467 242 2523 damna
256 2465 354 2536 gravia
368 2481 426 2520 uon
442 2464 575 2534 inilipat3
588 2481 619 2520 ea
635 2464 754 2536 quidem
771 2466 885 2522 cautela
900 2484 961 2522 ser·
1017 2465 1180 2521 devotionis
1190 2466 1311 2521 obtentu
1321 2465 1840 2542 statutumhujusmoditcmperaudo

135 2559 212 2623 vata,
229 2558 262 2609 ut
278 2570 368 2609 unam
386 2553 600 2620 tantummodo,
616 2568 680 2625 que
696 2552 848 2625 placuerit,
866 2572 901 2611 er
926 2555 962 2611 iis
1017 2553 1260 2612 talitsrduximus
1271 2555 1530 2628 providendum,ut
1540 2556 1668 2629 palleum
1679 2558 1717 2615 de
1727 2572 1840 2633 corpore

136 2643 253 2699 duabus
269 2642 536 2699 remunerationem
548 2647 693 2714 assumat,
709 2644 765 2701 hoo
779 2661 897 2718 semper
918 2650 963 2703 est
1018 2643 1467 2717 B.Petrtsumpmm,p1emtuu0
1483 2645 1594 2702 seilicet
1608 2647 1793 2719 pontificalis
1803 2648 1840 2704 oi·

137 2732 352 2789 observandum
369 2731 445 2803 quod
462 2732 621 2805 episcopus
636 2743 715 2788 unus
738 2733 783 2789 vel
810 2732 962 2791 aliusnon
1017 2732 1251 2804 ilcii,scrundum
1267 2732 1392 2790 formam
1404 2735 1556 2806 quamsub
1567 2734 1649 2792 bulla
1664 2738 1840 2794 nostrades·

138 2823 299 2880 solumnon
309 2818 541 2893 debetamplius,
553 2822 602 2876 sed
614 2823 963 2890 nectantumnecminus
1017 2820 1392 2896 tlnnmusaxpressam‚psr
1407 2822 1546 2880 dilectum
1563 2824 1658 2882 illlum
1671 2826 1706 2883 ll.
1724 2827 1840 2884 subdia·

138 2928 206 2968 cum
223 2911 302 2982 gravi
317 2908 448 2967 ecclesie
463 2926 523 2966 sue
538 2910 716 2968 detrimento
730 2913 872 2979 conterre,
902 2914 962 2971 sive
1018 2928 1125 2968 cauum
1141 2916 1274 2969 nostrum
1287 2917 1343 2969 tue
1363 2907 1757 2987 fraternitatitradatur3its
1770 2917 1840 2992 quod

137 2998 229 3058 simul
247 3003 275 3056 at
287 2999 379 3056 semel
392 3000 422 3055 id
437 2999 531 3056 iacere
545 2999 625 3071 velit,
640 3000 699 3056 site
713 3000 822 3074 pluries
844 3018 963 3060 succes·
1017 3016 1106 3074 quam
1116 3000 1173 3057 cito
1186 3019 1218 3058 se
1229 3002 1354 3059 facultas
1364 3002 1593 3070 obtulerit,inlra
1605 3020 1721 3062 annum
1735 3012 1841 3081 aposto

137 3091 197 3147 sive
212 3088 307 3146 eidem
321 3088 366 3145 sal
380 3088 503 3145 diversis
517 3088 651 3146 ecclesiis
667 3091 852 3147 conterendo.
879 3092 962 3150 Unde
1018 3091 1073 3147 lico
1087 3092 1296 3163 teconspeetui
1313 3097 1513 3165 representes,
1525 3093 1743 3166 professionem
1758 3112 1839 3170 quaro

137 3179 215 3252 quod
230 3177 262 3234 ln
275 3193 362 3250 grass
378 3176 586 3234 detrimentum
603 3179 664 3235 aire
678 3179 715 3236 de
723 3180 962 3251 possessionibus
977 3134 999 3204 G
1017 3196 1096 3237 nuuc
1108 3181 1278 3252 juramento
1289 3181 1460 3253 prestiteris
1481 3198 1531 3240 ore
1556 3187 1627 3239 tunc
1656 3183 1698 3241 ibi
1730 3184 1839 3258 proprio

28 3344 31 3349 ¹
137 3268 199 3325 sive
214 3267 249 3323 de
261 3266 504 3339 proventibusvel
519 3268 554 3324 ad
564 3268 762 3341 episcopalem
779 3271 963 3328 mensamrel
1017 3269 1158 3326 editurus.
1186 3268 1340 3327 Menenius
1368 3282 1436 3344 erge
1467 3270 1680 3330 fraternitatem
1711 3280 1795 3332 tuam
1815 3278 1840 3330 et

137 3358 336 3417 cathedralem
351 3357 504 3414 ecclesiam
521 3358 773 3430 pertinentibusio
781 3360 964 3432 quantalibet
1018 3360 1208 3417 exhortamur
1223 3364 1344 3429 attente,
1361 3376 1412 3432 per
1431 3361 1590 3434 apostolica
1618 3364 1736 3437 scripta
1764 3380 1839 3422 man·

137 3449 270 3522 portione
284 3446 529 3504 constiteritessa
543 3446 812 3519 collatum,potarit
835 3449 963 3523 legitime
1018 3448 1123 3508 dantes
1148 3448 1294 3523 quatenus
1323 3446 1479 3523 specialem
1506 3450 1631 3524 gratiam
1657 3451 1839 3521 tibiiuctsm‚

137 3535 278 3606 revocari,
290 3534 346 3592 nisi
358 3535 577 3606 prescriptione
587 3534 698 3593 velalie
708 3537 878 3610 exceptione
888 3538 962 3611 legi·
1017 3560 1104 3616 quam
1122 3541 1224 3612 utique
1239 3541 1273 3596 ad
1285 3540 1525 3612 consequentiam
1543 3541 1621 3598 trahi
1632 3542 1789 3615 uolumus,
1800 3561 1839 3601 re·

136 3626 212 3683 tima
226 3624 397 3697 hujusmodl
413 3623 489 3681 actio
501 3624 682 3683 excludatur.
699 3627 772 3684 Nsm
796 3628 851 3684 etsi
866 3630 962 3702 prima
1016 3631 1248 3705 cognoscerem
1264 3629 1415 3686 vocatione
1440 3647 1499 3702 qua
1513 3631 1625 3687 vocavit
1640 3636 1670 3690 te
1688 3632 1840 3700 Dominus,

136 3715 211 3772 lacis
226 3718 422 3787 presumatur
432 3715 509 3785 quod
520 3714 637 3771 collatio
657 3715 908 3788 quinquagesime
918 3717 962 3775 vel
1016 3722 1179 3780 commisse
1194 3719 1247 3776 tibi
1262 3718 1393 3776 ecclesie
1411 3723 1440 3776 ts
1454 3719 1542 3777 tslem
1555 3722 1676 3778 studeas
1706 3723 1840 3780 exhibere

137 3803 303 3861 centesime
319 3803 410 3875 partis
425 3818 514 3876 grava
529 3819 587 3859 noa
602 3804 708 3860 inierat
731 3804 960 3876 detrimentum
1016 3811 1094 3884 quod
1111 3824 1175 3882 que
1187 3808 1257 3867 less
1270 3809 1385 3867 videtur
1398 3825 1456 3865 non
1466 3807 1567 3867 leviter
1578 3811 1607 3867 ia
1619 3812 1840 3887 antespastus

136 3895 206 3967 quia
216 3892 335 3950 temetsi
350 3909 408 3949 non
420 3891 516 3948 solum
527 3894 552 3948 si
568 3909 656 3966 sepe,
669 3894 719 3950 sed
731 3894 819 3951 etiam
834 3895 859 3951 si
870 3894 960 3953 semel
1016 3901 1182 3974 provisions
1196 3914 1228 3955 aa
1244 3896 1370 3972 gaudeat
1384 3897 1414 3954 in
1430 3899 1641 3972 temporalibus
1655 3911 1685 3958 et
1700 3903 1838 3976 spiritus·

136 3983 166 4038 id
183 3983 243 4053 ssat,
254 3998 289 4039 ex
301 3980 389 4038 variis
404 3980 635 4037 circumstantiis
664 3982 841 4053 deprehendi
865 3989 962 4057 potest
1014 3989 1093 4047 libus
1107 3989 1248 4062 reparari.

135 4070 961 4147 interdumessevaldedamnosum,quodquidem'mapis

135 4164 232 4234 potest
246 4176 280 4217 ex
294 4160 462 4217 ostensione
472 4159 567 4232 ipsius
591 4159 660 4217 iacti
671 4170 760 4233 quam
774 4164 961 4234 expressione

134 4248 961 4323 alieuiusstatutloopnasoimeequiuquagesimanacecn-

132 4339 240 4397 tosima
251 4338 341 4395 semei
350 4338 667 4396 autsucoessivedebet
680 4354 747 4396 cum
757 4341 838 4413 gravi
853 4343 960 4400 dsmno

1051 4079 1156 4137 Datum
1175 4078 1383 4146 laetarentur
1398 4078 1460 4137 Kal.
1478 4079 1559 4147 isaii,
1575 4097 1654 4138 anno
1679 4082 1806 4142 decimo.

1361 4192 1481 4253 xtvltt.

1104 4294 1201 4341 sareas
1216 4296 1417 4342 errassemus
1432 4300 1753 4346 ensncrmorrrsnsrsus.

1016 4372 1048 4431 ut
1060 4384 1156 4446 prema
1178 4372 1320 4446 effundere
1332 4374 1448 4431 animat
1460 4391 1511 4448 pro
1525 4377 1620 4432 enimc
1642 4377 1675 4434 li.
1707 4379 1837 4436 sarone.

131 4431 269 4486 conierrl.
285 4429 314 4484 si
331 4444 397 4486 vero
413 4429 443 4484 in
460 4433 574 4485 tentum
598 4429 728 4487 abundet
755 4432 912 4505 episcopus
927 4437 961 4491 ut
1049 4446 1263 4519 archiepiscopi,
1279 4450 1337 4502 ste
1347 4446 1445 4517 penta,
1457 4463 1526 4518 poris
1538 4465 1588 4521 pro
1605 4451 1665 4506 sete
1683 4452 1838 4508 mosetica

133 4517 450 4575 sinadamnoeoclesie
461 4532 521 4573 sue
533 4518 760 4592 possitsmplius
770 4521 859 4577 etiam
871 4534 960 4593 quam
975 4501 999 4576 D
1048 4520 1144 4587 farsas
1157 4520 1271 4584 mersit,
1285 4519 1376 4575 vnket
1392 4517 1518 4577 liberari.

135 4607 166 4661 iu
176 4603 454 4677 quinquagesimam
462 4605 704 4663 selsentasimam
713 4613 825 4679 partam
835 4610 960 4666 nscessi-

1227 4607 1387 4678 (Laterani,
1402 4625 1419 4664 v
1435 4609 1477 4665 ld.
1496 4609 1626 4683 Aprilis.)

133 4693 188 4748 tati
202 4691 324 4748 alterius
336 4691 465 4749 ecclesie
476 4693 640 4761 subvenire,
652 4695 788 4767 quamvis
799 4712 850 4769 per
860 4712 959 4755 senon
1050 4704 1110 4762 ussi
1126 4705 1260 4762 fraterne
1275 4704 1437 4774 charitatis,
1454 4720 1518 4778 que
1543 4724 1696 4780 uunquam
1722 4710 1838 4776 excidit,

133 4781 239 4837 debeat
253 4782 390 4837 excedere
402 4797 551 4838 summam
563 4799 580 4841 s
590 4799 701 4840 canona
710 4784 896 4856 prefinitam,
908 4803 961 4859 per
1013 4793 1148 4851 sincerus
1159 4795 1282 4851 adactus
1292 4793 1333 4851 sit
1342 4794 1378 4850 ad
1392 4796 1540 4866 prosimos
1549 4798 1837 4868 extendendus,dum

132 4880 219 4941 quern
234 4868 351 4927 incaute
366 4867 468 4942 largiri
481 4869 647 4928 solentibus
669 4877 715 4929 ast
728 4889 896 4945 accursum,
924 4876 959 4933 ds
1015 4884 1126 4940 tuerint
1136 4883 1166 4939 in
1181 4882 1334 4954 presentis
1349 4884 1596 4957 peregrinationis
1611 4885 1717 4944 exsilio
1728 4889 1836 4945 eonsti-

132 4958 294 5032 superioris
304 4961 403 5015 tamen
419 4959 594 5016 auamritats
606 4965 702 5031 potaat
713 4962 801 5019 etiam
813 4963 842 5019 in
854 4965 959 5038 majori
1012 4974 1082 5044 tuti,
1095 4990 1130 5030 ax
1141 4973 1276 5044 ejusdem
1291 4978 1389 5030 tamen
1399 4974 1566 5033 dilectionis
1587 4976 1667 5035 sonte
1695 4982 1770 5036 tuno
1795 4984 1837 5037 est

134 5063 252 5106 samma
267 5063 302 5105 ex
316 5049 382 5120 sJas
395 5048 480 5121 copis
495 5049 599 5119 inopie
611 5049 734 5108 atterius
748 5053 904 5124 provideri.
1012 5064 1054 5120 eis
1069 5062 1255 5119 uberioribus
1266 5062 1655 5122 beneflciiseuocurrendum
1667 5083 1737 5125 cum
1749 5087 1766 5125 a
1776 5085 1836 5126 aar·

168 5136 274 5192 Datum
291 5135 434 5207 uesani,
448 5152 501 5192 rus
516 5136 559 5192 ld.
573 5135 694 5210 Aprilis,
710 5154 787 5197 suno
798 5141 920 5201 decimo.
1012 5152 1091 5225 poris
1105 5151 1431 5210 vinculissbsolutinec
1449 5157 1567 5227 tempus
1589 5172 1643 5213 nec
1661 5155 1762 5216 locum
1786 5159 1836 5216 ha·

1011 5242 1082 5299 bant
1096 5245 1128 5298 ut
1143 5257 1195 5312 per
1218 5258 1249 5298 se
1272 5240 1388 5298 valeant
1411 5242 1536 5301 ulterius
1563 5247 1689 5317 operari.
1721 5249 1838 5322 Propter

525 5342 561 5356 ··
1012 5331 1089 5403 quod
1107 5346 1124 5386 s
1138 5330 1250 5387 sanctis
1265 5330 1403 5388 Patribus
1417 5334 1550 5404 quedam
1571 5340 1644 5393 sunt
1666 5340 1835 5413 prescripta

1011 5419 1141 5478 remedia
1152 5420 1260 5492 quihus
1271 5420 1477 5478 detunctorum
1489 5424 1638 5496 augustiis
1651 5431 1834 5504 consulatur,

1009 5506 1200 5582 eleemosynae
1216 5507 1392 5565 videlicetet
1408 5510 1534 5582 jejunia,
1550 5512 1718 5577 oblationes
1726 5536 1762 5580 sc
1770 5536 1835 5596 pre·

1045 5632 1082 5706 (u)
1097 5634 1168 5707 Cep.
1186 5633 1254 5691 cem
1264 5634 1440 5709 plerumque,
1456 5634 1496 5694 De
1509 5632 1692 5701 donationib.

158 5623 203 5696 (5)
218 5622 286 5696 Cap.
304 5620 545 5696 demembrent,
560 5621 601 5680 De
615 5622 775 5697 prescript.
