<?xml version="1.0" encoding="UTF-8"?>
<!DOCTYPE html PUBLIC "-//W3C//DTD XHTML 1.0 Transitional//EN"
    "http://www.w3.org/TR/xhtml1/DTD/xhtml1-transitional.dtd">
<html xmlns="http://www.w3.org/1999/xhtml" xml:lang="en" lang="en">
 <head>
  <title>
</title>
<meta http-equiv="Content-Type" content="text/html;charset=utf-8" />
  <meta name='ocr-system' content='tesseract 3.04.00' />
  <meta name='ocr-capabilities' content='ocr_page ocr_carea ocr_par ocr_line ocrx_word'/>
</head>
<body>
  <div class='ocr_page' id='page_1' title='image "./patrologiaecurs41unkngoog_0365.png"; bbox 0 0 3780 6000; ppageno 0'>
   <div class='ocr_carea' id='block_1_1' title="bbox 106 282 1813 342">
    <p class='ocr_par' dir='ltr' id='par_1_1' title="bbox 106 282 1813 342">
     <span class='ocr_line' id='line_1_1' title="bbox 106 282 1813 342; baseline -0.001 -1"><span class='ocrx_word' id='word_1_1' title='bbox 106 289 158 342; x_wconf 76' lang='lat' dir='ltr'>tiu</span> <span class='ocrx_word' id='word_1_2' title='bbox 562 286 771 340; x_wconf 68' lang='lat' dir='ltr'>innocencii</span> <span class='ocrx_word' id='word_1_3' title='bbox 790 285 830 338; x_wconf 86' lang='lat'>111</span> <span class='ocrx_word' id='word_1_4' title='bbox 850 285 903 339; x_wconf 80' lang='lat' dir='ltr'>PP.</span> <span class='ocrx_word' id='word_1_5' title='bbox 923 282 1165 340; x_wconf 74' lang='lat' dir='ltr'>REGRSTORUM</span> <span class='ocrx_word' id='word_1_6' title='bbox 1184 284 1252 338; x_wconf 77' lang='lat' dir='ltr'>tte.</span> <span class='ocrx_word' id='word_1_7' title='bbox 1272 285 1351 338; x_wconf 83' lang='lat' dir='ltr'>vlit.</span> <span class='ocrx_word' id='word_1_8' title='bbox 1762 283 1813 340; x_wconf 63' lang='grc' dir='ltr'>’Μ</span> 
     </span>
    </p>
   </div>
   <div class='ocr_carea' id='block_1_2' title="bbox 1 402 1815 4752">
    <p class='ocr_par' dir='ltr' id='par_1_2' title="bbox 1 402 1815 4480">
     <span class='ocr_line' id='line_1_2' title="bbox 105 402 1813 483; baseline -0.002 -16"><span class='ocrx_word' id='word_1_9' title='bbox 105 411 183 483; x_wconf 90' lang='lat' dir='ltr'>quod</span> <span class='ocrx_word' id='word_1_10' title='bbox 198 408 372 478; x_wconf 75' lang='lat' dir='ltr'>watiensis,</span> <span class='ocrx_word' id='word_1_11' title='bbox 392 406 629 481; x_wconf 76' lang='lat' dir='ltr'>wesprimiensis</span> <span class='ocrx_word' id='word_1_12' title='bbox 644 410 673 463; x_wconf 91' lang='lat' dir='ltr'>et</span> <span class='ocrx_word' id='word_1_13' title='bbox 694 404 839 463; x_wconf 82' lang='lat' dir='ltr'>laviensis</span> <span class='ocrx_word' id='word_1_14' title='bbox 863 402 928 479; x_wconf 91' lang='lat' dir='ltr'>epi·</span> <span class='ocrx_word' id='word_1_15' title='bbox 944 407 971 474; x_wconf 72' lang='grc' dir='ltr'><strong>Α</strong></span> <span class='ocrx_word' id='word_1_16' title='bbox 986 419 1038 462; x_wconf 86' lang='lat' dir='ltr'>nes</span> <span class='ocrx_word' id='word_1_17' title='bbox 1054 404 1174 462; x_wconf 87' lang='lat' dir='ltr'>nuutios</span> <span class='ocrx_word' id='word_1_18' title='bbox 1199 405 1378 474; x_wconf 78' lang='lat' dir='ltr'>confirmari,</span> <span class='ocrx_word' id='word_1_19' title='bbox 1394 422 1508 479; x_wconf 89' lang='lat' dir='ltr'>nosque</span> <span class='ocrx_word' id='word_1_20' title='bbox 1532 409 1661 464; x_wconf 85' lang='lat' dir='ltr'>vestram</span> <span class='ocrx_word' id='word_1_21' title='bbox 1686 405 1813 481; x_wconf 84' lang='lat' dir='ltr'>recepis-</span> 
     </span>
     <span class='ocr_line' id='line_1_3' title="bbox 105 494 1813 573; baseline -0.004 -15"><span class='ocrx_word' id='word_1_22' title='bbox 105 500 187 572; x_wconf 89' lang='lat' dir='ltr'>scopi</span> <span class='ocrx_word' id='word_1_23' title='bbox 217 518 269 573; x_wconf 86' lang='lat' dir='ltr'>pro</span> <span class='ocrx_word' id='word_1_24' title='bbox 291 498 483 555; x_wconf 86' lang='lat' dir='ltr'>translatione</span> <span class='ocrx_word' id='word_1_25' title='bbox 511 497 678 554; x_wconf 86' lang='lat' dir='ltr'>Colocensis</span> <span class='ocrx_word' id='word_1_26' title='bbox 707 495 931 568; x_wconf 83' lang='lat' dir='ltr'>archiepiscopi,</span> <span class='ocrx_word' id='word_1_27' title='bbox 986 511 1086 551; x_wconf 89' lang='lat' dir='ltr'>semus</span> <span class='ocrx_word' id='word_1_28' title='bbox 1103 494 1329 567; x_wconf 79' lang='lat' dir='ltr'>postulationem</span> <span class='ocrx_word' id='word_1_29' title='bbox 1345 495 1578 567; x_wconf 83' lang='lat' dir='ltr'>dijudicandam,</span> <span class='ocrx_word' id='word_1_30' title='bbox 1593 496 1617 551; x_wconf 92' lang='lat' dir='ltr'>si</span> <span class='ocrx_word' id='word_1_31' title='bbox 1634 496 1813 569; x_wconf 72' lang='lat' dir='ltr'>suffraganei</span> 
     </span>
     <span class='ocr_line' id='line_1_4' title="bbox 70 583 1813 661; baseline -0.004 -12"><span class='ocrx_word' id='word_1_32' title='bbox 70 640 74 649; x_wconf 94' lang='lat'>.</span> <span class='ocrx_word' id='word_1_33' title='bbox 106 591 184 647; x_wconf 84' lang='lat' dir='ltr'>salvo</span> <span class='ocrx_word' id='word_1_34' title='bbox 209 590 276 661; x_wconf 87' lang='lat' dir='ltr'>jure</span> <span class='ocrx_word' id='word_1_35' title='bbox 292 606 344 646; x_wconf 89' lang='lat' dir='ltr'>suo</span> <span class='ocrx_word' id='word_1_36' title='bbox 360 588 389 643; x_wconf 93' lang='lat' dir='ltr'>in</span> <span class='ocrx_word' id='word_1_37' title='bbox 406 593 573 660; x_wconf 91' lang='lat' dir='ltr'>posterum,</span> <span class='ocrx_word' id='word_1_38' title='bbox 589 587 647 653; x_wconf 91' lang='lat' dir='ltr'>cui,</span> <span class='ocrx_word' id='word_1_39' title='bbox 665 592 782 658; x_wconf 86' lang='lat' dir='ltr'>propter</span> <span class='ocrx_word' id='word_1_40' title='bbox 796 584 932 641; x_wconf 87' lang='lat' dir='ltr'>elllictio·</span> <span class='ocrx_word' id='word_1_41' title='bbox 985 584 1082 639; x_wconf 78' lang='lat' dir='ltr'>forsan</span> <span class='ocrx_word' id='word_1_42' title='bbox 1107 583 1138 639; x_wconf 91' lang='lat' dir='ltr'>ln</span> <span class='ocrx_word' id='word_1_43' title='bbox 1151 585 1383 640; x_wconf 71' lang='lat' dir='ltr'>contradictione</span> <span class='ocrx_word' id='word_1_44' title='bbox 1404 585 1607 657; x_wconf 75' lang='lat' dir='ltr'>persisterent,</span> <span class='ocrx_word' id='word_1_45' title='bbox 1623 585 1679 654; x_wconf 86' lang='lat' dir='ltr'>vel,</span> <span class='ocrx_word' id='word_1_46' title='bbox 1705 584 1730 642; x_wconf 92' lang='lat' dir='ltr'>si</span> <span class='ocrx_word' id='word_1_47' title='bbox 1745 601 1813 642; x_wconf 88' lang='lat' dir='ltr'>eon·</span> 
     </span>
     <span class='ocr_line' id='line_1_5' title="bbox 104 673 1813 748; baseline -0.002 -13"><span class='ocrx_word' id='word_1_48' title='bbox 104 694 172 735; x_wconf 91' lang='lat' dir='ltr'>nem</span> <span class='ocrx_word' id='word_1_49' title='bbox 185 683 214 734; x_wconf 92' lang='lat' dir='ltr'>et</span> <span class='ocrx_word' id='word_1_50' title='bbox 228 677 429 734; x_wconf 87' lang='lat' dir='ltr'>necessitatem</span> <span class='ocrx_word' id='word_1_51' title='bbox 444 675 654 748; x_wconf 74' lang='lat' dir='ltr'>strigoniensis</span> <span class='ocrx_word' id='word_1_52' title='bbox 669 673 813 741; x_wconf 80' lang='lat' dir='ltr'>Eccleeie,</span> <span class='ocrx_word' id='word_1_53' title='bbox 826 689 931 745; x_wconf 87' lang='lat' dir='ltr'>super·</span> <span class='ocrx_word' id='word_1_54' title='bbox 985 674 1127 730; x_wconf 87' lang='lat' dir='ltr'>sentirent</span> <span class='ocrx_word' id='word_1_55' title='bbox 1156 678 1208 729; x_wconf 89' lang='lat' dir='ltr'>ent</span> <span class='ocrx_word' id='word_1_56' title='bbox 1230 673 1393 742; x_wconf 81' lang='lat' dir='ltr'>crederent,</span> <span class='ocrx_word' id='word_1_57' title='bbox 1418 675 1648 745; x_wconf 81' lang='lat' dir='ltr'>approbandam.</span> <span class='ocrx_word' id='word_1_58' title='bbox 1675 674 1708 731; x_wconf 79' lang='lat' dir='ltr'>Si</span> <span class='ocrx_word' id='word_1_59' title='bbox 1724 675 1813 742; x_wconf 87' lang='lat' dir='ltr'>enim,</span> 
     </span>
     <span class='ocr_line' id='line_1_6' title="bbox 104 762 1813 837; baseline -0.002 -15"><span class='ocrx_word' id='word_1_60' title='bbox 104 767 247 823; x_wconf 77' lang='lat' dir='ltr'>sedebant</span> <span class='ocrx_word' id='word_1_61' title='bbox 269 767 304 820; x_wconf 90' lang='lat' dir='ltr'>nd</span> <span class='ocrx_word' id='word_1_62' title='bbox 333 781 471 837; x_wconf 75' lang='lat' dir='ltr'>presens,</span> <span class='ocrx_word' id='word_1_63' title='bbox 494 782 548 821; x_wconf 89' lang='lat' dir='ltr'>nos</span> <span class='ocrx_word' id='word_1_64' title='bbox 569 762 720 819; x_wconf 86' lang='lat' dir='ltr'>humiliter</span> <span class='ocrx_word' id='word_1_65' title='bbox 743 765 931 835; x_wconf 78' lang='lat' dir='ltr'>rogaverunt,</span> <span class='ocrx_word' id='word_1_66' title='bbox 985 762 1813 836; x_wconf 86' lang='lat' dir='ltr'>postquampostuletioeubscriptionibuspostulantium</span> 
     </span>
     <span class='ocr_line' id='line_1_7' title="bbox 104 850 1815 927; baseline -0.001 -17"><span class='ocrx_word' id='word_1_67' title='bbox 104 856 242 927; x_wconf 75' lang='lat' dir='ltr'>predicto</span> <span class='ocrx_word' id='word_1_68' title='bbox 257 855 396 911; x_wconf 90' lang='lat' dir='ltr'>Nitricnsi</span> <span class='ocrx_word' id='word_1_69' title='bbox 412 855 569 920; x_wconf 89' lang='lat' dir='ltr'>scribente,</span> <span class='ocrx_word' id='word_1_70' title='bbox 583 854 673 926; x_wconf 86' lang='lat' dir='ltr'>quod,</span> <span class='ocrx_word' id='word_1_71' title='bbox 689 851 714 909; x_wconf 88' lang='lat' dir='ltr'>si</span> <span class='ocrx_word' id='word_1_72' title='bbox 732 868 788 908; x_wconf 91' lang='lat' dir='ltr'>non</span> <span class='ocrx_word' id='word_1_73' title='bbox 805 850 933 923; x_wconf 88' lang='lat' dir='ltr'>placeret</span> <span class='ocrx_word' id='word_1_74' title='bbox 985 854 1150 918; x_wconf 88' lang='lat' dir='ltr'>roboratur,</span> <span class='ocrx_word' id='word_1_75' title='bbox 1166 856 1194 908; x_wconf 93' lang='lat' dir='ltr'>et</span> <span class='ocrx_word' id='word_1_76' title='bbox 1211 856 1406 923; x_wconf 84' lang='lat' dir='ltr'>praesentatur</span> <span class='ocrx_word' id='word_1_77' title='bbox 1420 852 1692 924; x_wconf 84' lang='lat' dir='ltr'>Romenopontiilci</span> <span class='ocrx_word' id='word_1_78' title='bbox 1710 867 1815 925; x_wconf 86' lang='lat' dir='ltr'>appm·</span> 
     </span>
     <span class='ocr_line' id='line_1_8' title="bbox 104 937 1814 1016; baseline -0.002 -15"><span class='ocrx_word' id='word_1_79' title='bbox 104 944 191 1001; x_wconf 89' lang='lat' dir='ltr'>nobis</span> <span class='ocrx_word' id='word_1_80' title='bbox 215 943 442 1016; x_wconf 88' lang='lat' dir='ltr'>postulationem</span> <span class='ocrx_word' id='word_1_81' title='bbox 458 945 564 999; x_wconf 84' lang='lat' dir='ltr'>lactum</span> <span class='ocrx_word' id='word_1_82' title='bbox 581 944 616 999; x_wconf 92' lang='lat' dir='ltr'>de</span> <span class='ocrx_word' id='word_1_83' title='bbox 641 937 931 1014; x_wconf 87' lang='lat' dir='ltr'>Quinquecolesiensi</span> <span class='ocrx_word' id='word_1_84' title='bbox 985 940 1093 1000; x_wconf 85' lang='lat' dir='ltr'>banda.</span> <span class='ocrx_word' id='word_1_85' title='bbox 1111 945 1231 1012; x_wconf 84' lang='lat' dir='ltr'>possent</span> <span class='ocrx_word' id='word_1_86' title='bbox 1251 942 1287 996; x_wconf 92' lang='lat' dir='ltr'>nb</span> <span class='ocrx_word' id='word_1_87' title='bbox 1303 956 1337 995; x_wconf 87' lang='lat' dir='ltr'>en</span> <span class='ocrx_word' id='word_1_88' title='bbox 1353 941 1487 997; x_wconf 88' lang='lat' dir='ltr'>recedere</span> <span class='ocrx_word' id='word_1_89' title='bbox 1511 940 1708 1012; x_wconf 87' lang='lat' dir='ltr'>postulantes,</span> <span class='ocrx_word' id='word_1_90' title='bbox 1730 942 1814 998; x_wconf 91' lang='lat' dir='ltr'>nobis</span> 
     </span>
     <span class='ocr_line' id='line_1_9' title="bbox 105 1027 1814 1105; baseline -0.001 -17"><span class='ocrx_word' id='word_1_91' title='bbox 105 1034 270 1095; x_wconf 83' lang='lat' dir='ltr'>admittere.</span> <span class='ocrx_word' id='word_1_92' title='bbox 287 1050 339 1105; x_wconf 88' lang='lat' dir='ltr'>pro</span> <span class='ocrx_word' id='word_1_93' title='bbox 356 1031 551 1105; x_wconf 86' lang='lat' dir='ltr'>postulatione</span> <span class='ocrx_word' id='word_1_94' title='bbox 567 1031 700 1099; x_wconf 85' lang='lat' dir='ltr'>citerius,</span> <span class='ocrx_word' id='word_1_95' title='bbox 712 1031 776 1087; x_wconf 90' lang='lat' dir='ltr'>sine</span> <span class='ocrx_word' id='word_1_96' title='bbox 792 1027 932 1103; x_wconf 77' lang='lat' dir='ltr'>prejudi·</span> <span class='ocrx_word' id='word_1_97' title='bbox 986 1029 1155 1099; x_wconf 77' lang='lat' dir='ltr'>frequenter</span> <span class='ocrx_word' id='word_1_98' title='bbox 1169 1029 1339 1097; x_wconf 88' lang='lat' dir='ltr'>illuderent,</span> <span class='ocrx_word' id='word_1_99' title='bbox 1363 1035 1391 1085; x_wconf 90' lang='lat' dir='ltr'>et</span> <span class='ocrx_word' id='word_1_100' title='bbox 1402 1029 1549 1101; x_wconf 77' lang='lat' dir='ltr'>judicium</span> <span class='ocrx_word' id='word_1_101' title='bbox 1567 1035 1702 1086; x_wconf 87' lang='lat' dir='ltr'>nostrum</span> <span class='ocrx_word' id='word_1_102' title='bbox 1719 1047 1753 1086; x_wconf 86' lang='lat' dir='ltr'>ex</span> <span class='ocrx_word' id='word_1_103' title='bbox 1770 1047 1814 1087; x_wconf 88' lang='lat' dir='ltr'>eo·</span> 
     </span>
     <span class='ocr_line' id='line_1_10' title="bbox 103 1118 1814 1195; baseline -0.001 -18"><span class='ocrx_word' id='word_1_104' title='bbox 103 1124 148 1178; x_wconf 93' lang='lat' dir='ltr'>cio</span> <span class='ocrx_word' id='word_1_105' title='bbox 168 1122 246 1194; x_wconf 84' lang='lat' dir='ltr'>juris</span> <span class='ocrx_word' id='word_1_106' title='bbox 262 1122 320 1189; x_wconf 88' lang='lat' dir='ltr'>sui,</span> <span class='ocrx_word' id='word_1_107' title='bbox 344 1139 398 1179; x_wconf 91' lang='lat' dir='ltr'>nos</span> <span class='ocrx_word' id='word_1_108' title='bbox 414 1121 588 1195; x_wconf 87' lang='lat' dir='ltr'>suppliciter</span> <span class='ocrx_word' id='word_1_109' title='bbox 611 1121 759 1177; x_wconf 82' lang='lat' dir='ltr'>exorabat.</span> <span class='ocrx_word' id='word_1_110' title='bbox 780 1123 849 1176; x_wconf 88' lang='lat' dir='ltr'>Post</span> <span class='ocrx_word' id='word_1_111' title='bbox 870 1118 931 1174; x_wconf 79' lang='lat' dir='ltr'>beo</span> <span class='ocrx_word' id='word_1_112' title='bbox 986 1136 1051 1174; x_wconf 88' lang='lat' dir='ltr'>rum</span> <span class='ocrx_word' id='word_1_113' title='bbox 1074 1120 1201 1192; x_wconf 89' lang='lat' dir='ltr'>pendere</span> <span class='ocrx_word' id='word_1_114' title='bbox 1217 1118 1340 1176; x_wconf 89' lang='lat' dir='ltr'>arbitrio</span> <span class='ocrx_word' id='word_1_115' title='bbox 1364 1120 1534 1193; x_wconf 75' lang='lat' dir='ltr'>videretur]</span> <span class='ocrx_word' id='word_1_116' title='bbox 1555 1120 1673 1177; x_wconf 82' lang='lat' dir='ltr'>Poterat</span> <span class='ocrx_word' id='word_1_117' title='bbox 1697 1136 1814 1193; x_wconf 86' lang='lat' dir='ltr'>quoqne</span> 
     </span>
     <span class='ocr_line' id='line_1_11' title="bbox 102 1207 1811 1282; baseline -0.001 -15"><span class='ocrx_word' id='word_1_118' title='bbox 102 1221 197 1267; x_wconf 76' lang='lat' dir='ltr'>cutem</span> <span class='ocrx_word' id='word_1_119' title='bbox 223 1212 360 1267; x_wconf 83' lang='lat' dir='ltr'>niandoto</span> <span class='ocrx_word' id='word_1_120' title='bbox 377 1216 476 1266; x_wconf 89' lang='lat' dir='ltr'>nostro</span> <span class='ocrx_word' id='word_1_121' title='bbox 498 1216 645 1282; x_wconf 88' lang='lat' dir='ltr'>suscepto,</span> <span class='ocrx_word' id='word_1_122' title='bbox 668 1208 696 1263; x_wconf 92' lang='lat' dir='ltr'>bi</span> <span class='ocrx_word' id='word_1_123' title='bbox 713 1209 764 1280; x_wconf 91' lang='lat' dir='ltr'>qui</span> <span class='ocrx_word' id='word_1_124' title='bbox 787 1222 931 1263; x_wconf 84' lang='lat' dir='ltr'>convene·</span> <span class='ocrx_word' id='word_1_125' title='bbox 986 1207 1064 1275; x_wconf 83' lang='lat' dir='ltr'>addi,</span> <span class='ocrx_word' id='word_1_126' title='bbox 1080 1210 1157 1280; x_wconf 90' lang='lat' dir='ltr'>quod</span> <span class='ocrx_word' id='word_1_127' title='bbox 1172 1226 1239 1281; x_wconf 89' lang='lat' dir='ltr'>pare</span> <span class='ocrx_word' id='word_1_128' title='bbox 1254 1208 1347 1265; x_wconf 87' lang='lat' dir='ltr'>altere</span> <span class='ocrx_word' id='word_1_129' title='bbox 1360 1210 1532 1264; x_wconf 84' lang='lat' dir='ltr'>mundatum</span> <span class='ocrx_word' id='word_1_130' title='bbox 1548 1208 1744 1280; x_wconf 86' lang='lat' dir='ltr'>apostolicum</span> <span class='ocrx_word' id='word_1_131' title='bbox 1758 1226 1811 1266; x_wconf 90' lang='lat' dir='ltr'>non</span> 
     </span>
     <span class='ocr_line' id='line_1_12' title="bbox 101 1295 1813 1373; baseline -0.002 -18"><span class='ocrx_word' id='word_1_132' title='bbox 101 1307 169 1357; x_wconf 89' lang='lat' dir='ltr'>rant</span> <span class='ocrx_word' id='word_1_133' title='bbox 191 1300 221 1357; x_wconf 93' lang='lat' dir='ltr'>in</span> <span class='ocrx_word' id='word_1_134' title='bbox 246 1301 480 1373; x_wconf 75' lang='lat' dir='ltr'>archiepiscopum</span> <span class='ocrx_word' id='word_1_135' title='bbox 501 1299 674 1356; x_wconf 77' lang='lat' dir='ltr'>colocensem</span> <span class='ocrx_word' id='word_1_136' title='bbox 696 1297 782 1370; x_wconf 79' lang='lat'>(587),</span> <span class='ocrx_word' id='word_1_137' title='bbox 805 1296 841 1352; x_wconf 89' lang='lat' dir='ltr'>ab</span> <span class='ocrx_word' id='word_1_138' title='bbox 867 1296 931 1366; x_wconf 84' lang='lat' dir='ltr'>ejus</span> <span class='ocrx_word' id='word_1_139' title='bbox 985 1302 1126 1362; x_wconf 84' lang='lat' dir='ltr'>servaret,</span> <span class='ocrx_word' id='word_1_140' title='bbox 1143 1303 1243 1368; x_wconf 90' lang='lat' dir='ltr'>utpote</span> <span class='ocrx_word' id='word_1_141' title='bbox 1258 1312 1322 1368; x_wconf 79' lang='lat' dir='ltr'>qne</span> <span class='ocrx_word' id='word_1_142' title='bbox 1338 1312 1391 1352; x_wconf 89' lang='lat' dir='ltr'>nec</span> <span class='ocrx_word' id='word_1_143' title='bbox 1399 1295 1625 1368; x_wconf 90' lang='lat' dir='ltr'>postulationem</span> <span class='ocrx_word' id='word_1_144' title='bbox 1639 1298 1813 1353; x_wconf 81' lang='lat' dir='ltr'>concordem</span> 
     </span>
     <span class='ocr_line' id='line_1_13' title="bbox 103 1384 1813 1461; baseline -0.002 -17"><span class='ocrx_word' id='word_1_145' title='bbox 103 1389 309 1461; x_wconf 78' lang='lat' dir='ltr'>postulatione,</span> <span class='ocrx_word' id='word_1_146' title='bbox 324 1387 397 1444; x_wconf 81' lang='lat' dir='ltr'>sicut</span> <span class='ocrx_word' id='word_1_147' title='bbox 408 1389 465 1459; x_wconf 73' lang='lat' dir='ltr'>[uit</span> <span class='ocrx_word' id='word_1_148' title='bbox 478 1390 655 1458; x_wconf 83' lang='lat' dir='ltr'>propositum</span> <span class='ocrx_word' id='word_1_149' title='bbox 669 1403 766 1442; x_wconf 83' lang='lat' dir='ltr'>coram</span> <span class='ocrx_word' id='word_1_150' title='bbox 779 1384 871 1449; x_wconf 81' lang='lat' dir='ltr'>uobis,</span> <span class='ocrx_word' id='word_1_151' title='bbox 886 1399 932 1439; x_wconf 90' lang='lat' dir='ltr'>re·</span> <span class='ocrx_word' id='word_1_152' title='bbox 986 1402 1038 1440; x_wconf 92' lang='lat' dir='ltr'>nec</span> <span class='ocrx_word' id='word_1_153' title='bbox 1051 1385 1220 1441; x_wconf 87' lang='lat' dir='ltr'>electionem</span> <span class='ocrx_word' id='word_1_154' title='bbox 1245 1386 1416 1440; x_wconf 85' lang='lat' dir='ltr'>canonicam</span> <span class='ocrx_word' id='word_1_155' title='bbox 1432 1384 1602 1451; x_wconf 87' lang='lat' dir='ltr'>celebrarat,</span> <span class='ocrx_word' id='word_1_156' title='bbox 1620 1401 1689 1441; x_wconf 89' lang='lat' dir='ltr'>cum</span> <span class='ocrx_word' id='word_1_157' title='bbox 1705 1385 1735 1440; x_wconf 89' lang='lat' dir='ltr'>in</span> <span class='ocrx_word' id='word_1_158' title='bbox 1752 1401 1813 1441; x_wconf 89' lang='lat' dir='ltr'>ma·</span> 
     </span>
     <span class='ocr_line' id='line_1_14' title="bbox 103 1472 1814 1546; baseline -0.002 -13"><span class='ocrx_word' id='word_1_159' title='bbox 103 1480 206 1533; x_wconf 85' lang='lat' dir='ltr'>cedere</span> <span class='ocrx_word' id='word_1_160' title='bbox 221 1477 391 1544; x_wconf 82' lang='lat' dir='ltr'>noluerunt,</span> <span class='ocrx_word' id='word_1_161' title='bbox 408 1477 458 1533; x_wconf 83' lang='lat' dir='ltr'>sed</span> <span class='ocrx_word' id='word_1_162' title='bbox 475 1479 637 1532; x_wconf 83' lang='lat' dir='ltr'>innoeentes</span> <span class='ocrx_word' id='word_1_163' title='bbox 652 1476 797 1543; x_wconf 88' lang='lat' dir='ltr'>eamdem,</span> <span class='ocrx_word' id='word_1_164' title='bbox 812 1472 933 1546; x_wconf 85' lang='lat' dir='ltr'>quibus·</span> <span class='ocrx_word' id='word_1_165' title='bbox 981 1473 1039 1545; x_wconf 83' lang='lat' dir='ltr'>jori</span> <span class='ocrx_word' id='word_1_166' title='bbox 1064 1475 1229 1530; x_wconf 87' lang='lat' dir='ltr'>conditione</span> <span class='ocrx_word' id='word_1_167' title='bbox 1254 1489 1342 1546; x_wconf 90' lang='lat' dir='ltr'>quam</span> <span class='ocrx_word' id='word_1_168' title='bbox 1360 1472 1453 1545; x_wconf 90' lang='lat' dir='ltr'>prius,</span> <span class='ocrx_word' id='word_1_169' title='bbox 1470 1490 1526 1529; x_wconf 92' lang='lat' dir='ltr'>uon</span> <span class='ocrx_word' id='word_1_170' title='bbox 1546 1472 1641 1529; x_wconf 90' lang='lat' dir='ltr'>eolum</span> <span class='ocrx_word' id='word_1_171' title='bbox 1657 1473 1814 1530; x_wconf 86' lang='lat' dir='ltr'>canonico·</span> 
     </span>
     <span class='ocr_line' id='line_1_15' title="bbox 105 1561 1812 1636; baseline -0.001 -16"><span class='ocrx_word' id='word_1_172' title='bbox 105 1565 172 1620; x_wconf 89' lang='lat' dir='ltr'>dam</span> <span class='ocrx_word' id='word_1_173' title='bbox 190 1566 409 1636; x_wconf 78' lang='lat' dir='ltr'>canonicorum,</span> <span class='ocrx_word' id='word_1_174' title='bbox 424 1565 473 1636; x_wconf 91' lang='lat' dir='ltr'>qui</span> <span class='ocrx_word' id='word_1_175' title='bbox 489 1564 518 1619; x_wconf 91' lang='lat' dir='ltr'>in</span> <span class='ocrx_word' id='word_1_176' title='bbox 535 1571 647 1635; x_wconf 88' lang='lat' dir='ltr'>partem</span> <span class='ocrx_word' id='word_1_177' title='bbox 664 1563 785 1620; x_wconf 88' lang='lat' dir='ltr'>alteram</span> <span class='ocrx_word' id='word_1_178' title='bbox 804 1561 931 1617; x_wconf 87' lang='lat' dir='ltr'>declina·</span> <span class='ocrx_word' id='word_1_179' title='bbox 987 1579 1064 1632; x_wconf 90' lang='lat' dir='ltr'>rum,</span> <span class='ocrx_word' id='word_1_180' title='bbox 1081 1563 1130 1619; x_wconf 91' lang='lat' dir='ltr'>sed</span> <span class='ocrx_word' id='word_1_181' title='bbox 1144 1564 1397 1635; x_wconf 76' lang='lat' dir='ltr'>suffraganeorum</span> <span class='ocrx_word' id='word_1_182' title='bbox 1414 1564 1514 1629; x_wconf 85' lang='lat' dir='ltr'>etiem,</span> <span class='ocrx_word' id='word_1_183' title='bbox 1527 1563 1592 1635; x_wconf 90' lang='lat' dir='ltr'>ipso</span> <span class='ocrx_word' id='word_1_184' title='bbox 1604 1578 1674 1636; x_wconf 86' lang='lat' dir='ltr'>rege</span> <span class='ocrx_word' id='word_1_185' title='bbox 1684 1564 1812 1620; x_wconf 74' lang='lat' dir='ltr'>adrem</span> 
     </span>
     <span class='ocr_line' id='line_1_16' title="bbox 107 1649 1814 1725; baseline 0 -18"><span class='ocrx_word' id='word_1_186' title='bbox 107 1659 185 1719; x_wconf 87' lang='lat' dir='ltr'>rant,</span> <span class='ocrx_word' id='word_1_187' title='bbox 202 1655 324 1710; x_wconf 86' lang='lat' dir='ltr'>reversis</span> <span class='ocrx_word' id='word_1_188' title='bbox 348 1655 384 1710; x_wconf 92' lang='lat' dir='ltr'>ad</span> <span class='ocrx_word' id='word_1_189' title='bbox 400 1670 461 1720; x_wconf 92' lang='lat' dir='ltr'>eos,</span> <span class='ocrx_word' id='word_1_190' title='bbox 476 1670 539 1710; x_wconf 87' lang='lat' dir='ltr'>cum</span> <span class='ocrx_word' id='word_1_191' title='bbox 552 1650 687 1725; x_wconf 75' lang='lat' dir='ltr'>predicti</span> <span class='ocrx_word' id='word_1_192' title='bbox 703 1655 815 1724; x_wconf 73' lang='lat' dir='ltr'>recinet</span> <span class='ocrx_word' id='word_1_193' title='bbox 830 1649 931 1723; x_wconf 71' lang='lat' dir='ltr'>suflra-</span> <span class='ocrx_word' id='word_1_194' title='bbox 985 1652 1061 1724; x_wconf 90' lang='lat' dir='ltr'>perti</span> <span class='ocrx_word' id='word_1_195' title='bbox 1078 1653 1203 1720; x_wconf 84' lang='lat' dir='ltr'>invente,</span> <span class='ocrx_word' id='word_1_196' title='bbox 1219 1653 1391 1725; x_wconf 77' lang='lat' dir='ltr'>predictum</span> <span class='ocrx_word' id='word_1_197' title='bbox 1405 1651 1736 1725; x_wconf 83' lang='lat' dir='ltr'>Quinqncoclesiensem</span> <span class='ocrx_word' id='word_1_198' title='bbox 1752 1653 1814 1724; x_wconf 86' lang='lat' dir='ltr'>epi·</span> 
     </span>
     <span class='ocr_line' id='line_1_17' title="bbox 102 1736 1814 1839; baseline 0.002 -47"><span class='ocrx_word' id='word_1_199' title='bbox 102 1755 252 1810; x_wconf 79' lang='lat' dir='ltr'>pancorum</span> <span class='ocrx_word' id='word_1_200' title='bbox 284 1740 401 1803; x_wconf 81' lang='lat' dir='ltr'>litteris,</span> <span class='ocrx_word' id='word_1_201' title='bbox 429 1740 561 1796; x_wconf 87' lang='lat' dir='ltr'>dilectum</span> <span class='ocrx_word' id='word_1_202' title='bbox 586 1740 689 1810; x_wconf 73' lang='lat' dir='ltr'>fitium,</span> <span class='ocrx_word' id='word_1_203' title='bbox 709 1749 740 1795; x_wconf 79' lang='lat' dir='ltr'>A.</span> <span class='ocrx_word' id='word_1_204' title='bbox 767 1736 969 1839; x_wconf 70' lang='lat' dir='ltr'>magistrumss</span> <span class='ocrx_word' id='word_1_205' title='bbox 986 1757 1106 1814; x_wconf 88' lang='lat' dir='ltr'>scopum</span> <span class='ocrx_word' id='word_1_206' title='bbox 1124 1739 1312 1813; x_wconf 88' lang='lat' dir='ltr'>postulasset.</span> <span class='ocrx_word' id='word_1_207' title='bbox 1329 1741 1446 1796; x_wconf 79' lang='lat' dir='ltr'>Auditis</span> <span class='ocrx_word' id='word_1_208' title='bbox 1460 1739 1552 1812; x_wconf 91' lang='lat' dir='ltr'>igitur</span> <span class='ocrx_word' id='word_1_209' title='bbox 1566 1740 1614 1796; x_wconf 82' lang='lat' dir='ltr'>his</span> <span class='ocrx_word' id='word_1_210' title='bbox 1627 1746 1656 1796; x_wconf 89' lang='lat' dir='ltr'>et</span> <span class='ocrx_word' id='word_1_211' title='bbox 1672 1740 1814 1811; x_wconf 83' lang='lat' dir='ltr'>aliisque</span> 
     </span>
     <span class='ocr_line' id='line_1_18' title="bbox 102 1827 1814 1901; baseline 0.001 -17"><span class='ocrx_word' id='word_1_212' title='bbox 102 1827 275 1895; x_wconf 81' lang='lat' dir='ltr'>Sobolnrum,</span> <span class='ocrx_word' id='word_1_213' title='bbox 299 1829 334 1885; x_wconf 90' lang='lat' dir='ltr'>ll.</span> <span class='ocrx_word' id='word_1_214' title='bbox 358 1829 576 1899; x_wconf 75' lang='lat' dir='ltr'>thesaurarium,</span> <span class='ocrx_word' id='word_1_215' title='bbox 600 1830 632 1885; x_wconf 81' lang='grc' dir='ltr'>Α.</span> <span class='ocrx_word' id='word_1_216' title='bbox 654 1827 892 1898; x_wconf 76' lang='lat' dir='ltr'>archidiaconum,</span> <span class='ocrx_word' id='word_1_217' title='bbox 904 1833 930 1884; x_wconf 90' lang='lat' dir='ltr'>et</span> <span class='ocrx_word' id='word_1_218' title='bbox 986 1831 1104 1884; x_wconf 85' lang='lat' dir='ltr'>luerunt</span> <span class='ocrx_word' id='word_1_219' title='bbox 1127 1828 1279 1885; x_wconf 89' lang='lat' dir='ltr'>hincinde</span> <span class='ocrx_word' id='word_1_220' title='bbox 1295 1829 1455 1901; x_wconf 89' lang='lat' dir='ltr'>proposita,</span> <span class='ocrx_word' id='word_1_221' title='bbox 1480 1833 1509 1885; x_wconf 87' lang='lat' dir='ltr'>ct</span> <span class='ocrx_word' id='word_1_222' title='bbox 1530 1828 1630 1884; x_wconf 91' lang='lat' dir='ltr'>habito</span> <span class='ocrx_word' id='word_1_223' title='bbox 1654 1844 1746 1901; x_wconf 86' lang='lat' dir='ltr'>super</span> <span class='ocrx_word' id='word_1_224' title='bbox 1769 1828 1814 1885; x_wconf 86' lang='lat' dir='ltr'>bie</span> 
     </span>
     <span class='ocr_line' id='line_1_19' title="bbox 104 1916 1815 1991; baseline 0.001 -19"><span class='ocrx_word' id='word_1_225' title='bbox 104 1919 136 1972; x_wconf 83' lang='lat' dir='ltr'>F.</span> <span class='ocrx_word' id='word_1_226' title='bbox 153 1921 181 1972; x_wconf 86' lang='lat' dir='ltr'>et</span> <span class='ocrx_word' id='word_1_227' title='bbox 195 1917 227 1973; x_wconf 88' lang='grc' dir='ltr'>Ν.</span> <span class='ocrx_word' id='word_1_228' title='bbox 243 1920 389 1975; x_wconf 79' lang='lat' dir='ltr'>canonicos</span> <span class='ocrx_word' id='word_1_229' title='bbox 403 1917 615 1990; x_wconf 81' lang='lat' dir='ltr'>Striponieuses,</span> <span class='ocrx_word' id='word_1_230' title='bbox 639 1917 778 1974; x_wconf 82' lang='lat' dir='ltr'>adsedem</span> <span class='ocrx_word' id='word_1_231' title='bbox 801 1919 931 1990; x_wconf 80' lang='lat' dir='ltr'>apostoli·</span> <span class='ocrx_word' id='word_1_232' title='bbox 984 1933 1051 1973; x_wconf 92' lang='lat' dir='ltr'>oum</span> <span class='ocrx_word' id='word_1_233' title='bbox 1069 1918 1209 1975; x_wconf 88' lang='lat' dir='ltr'>iratribus</span> <span class='ocrx_word' id='word_1_234' title='bbox 1225 1923 1335 1975; x_wconf 80' lang='lat' dir='ltr'>nostris</span> <span class='ocrx_word' id='word_1_235' title='bbox 1359 1917 1493 1991; x_wconf 82' lang='lat' dir='ltr'>diligenti</span> <span class='ocrx_word' id='word_1_236' title='bbox 1510 1922 1633 1973; x_wconf 89' lang='lat' dir='ltr'>tractatu</span> <span class='ocrx_word' id='word_1_237' title='bbox 1656 1916 1815 1990; x_wconf 82' lang='lat' dir='ltr'>[intellexi-</span> 
     </span>
     <span class='ocr_line' id='line_1_20' title="bbox 102 2004 1814 2080; baseline 0.002 -20"><span class='ocrx_word' id='word_1_238' title='bbox 102 2022 164 2061; x_wconf 89' lang='lat' dir='ltr'>ccm</span> <span class='ocrx_word' id='word_1_239' title='bbox 178 2005 364 2074; x_wconf 82' lang='lat' dir='ltr'>destinarunt,</span> <span class='ocrx_word' id='word_1_240' title='bbox 379 2023 464 2071; x_wconf 74' lang='lat' dir='ltr'>suber</span> <span class='ocrx_word' id='word_1_241' title='bbox 477 2005 665 2078; x_wconf 81' lang='lat' dir='ltr'>postulatione</span> <span class='ocrx_word' id='word_1_242' title='bbox 675 2024 727 2063; x_wconf 81' lang='lat' dir='ltr'>suc</span> <span class='ocrx_word' id='word_1_243' title='bbox 743 2008 931 2079; x_wconf 81' lang='lat' dir='ltr'>dispensatio·</span> <span class='ocrx_word' id='word_1_244' title='bbox 985 2022 1052 2063; x_wconf 87' lang='lat' dir='ltr'>mus</span> <span class='ocrx_word' id='word_1_245' title='bbox 1066 2007 1150 2080; x_wconf 79' lang='lat'>(589),</span> <span class='ocrx_word' id='word_1_246' title='bbox 1175 2007 1264 2080; x_wconf 88' lang='lat' dir='ltr'>quod,</span> <span class='ocrx_word' id='word_1_247' title='bbox 1280 2007 1334 2064; x_wconf 91' lang='lat' dir='ltr'>etsi</span> <span class='ocrx_word' id='word_1_248' title='bbox 1351 2012 1456 2063; x_wconf 84' lang='lat' dir='ltr'>neutro</span> <span class='ocrx_word' id='word_1_249' title='bbox 1480 2012 1557 2063; x_wconf 92' lang='lat' dir='ltr'>esset</span> <span class='ocrx_word' id='word_1_250' title='bbox 1582 2004 1745 2079; x_wconf 81' lang='lat' dir='ltr'>postuletio</span> <span class='ocrx_word' id='word_1_251' title='bbox 1764 2023 1814 2079; x_wconf 88' lang='lat' dir='ltr'>sp·</span> 
     </span>
     <span class='ocr_line' id='line_1_21' title="bbox 106 2094 1815 2168; baseline 0.002 -19"><span class='ocrx_word' id='word_1_252' title='bbox 106 2095 285 2163; x_wconf 79' lang='lat' dir='ltr'>uisprctiom</span> <span class='ocrx_word' id='word_1_253' title='bbox 305 2095 453 2166; x_wconf 82' lang='lat' dir='ltr'>petituros.</span> <span class='ocrx_word' id='word_1_254' title='bbox 471 2096 569 2151; x_wconf 78' lang='lat' dir='ltr'>Ceteri</span> <span class='ocrx_word' id='word_1_255' title='bbox 595 2112 672 2161; x_wconf 88' lang='lat' dir='ltr'>vero,</span> <span class='ocrx_word' id='word_1_256' title='bbox 688 2095 739 2168; x_wconf 87' lang='lat' dir='ltr'>qni</span> <span class='ocrx_word' id='word_1_257' title='bbox 766 2096 931 2168; x_wconf 86' lang='lat' dir='ltr'>Quinquec·</span> <span class='ocrx_word' id='word_1_258' title='bbox 985 2096 1145 2168; x_wconf 90' lang='lat' dir='ltr'>probanda,</span> <span class='ocrx_word' id='word_1_259' title='bbox 1159 2097 1244 2168; x_wconf 83' lang='lat' dir='ltr'>Juxta</span> <span class='ocrx_word' id='word_1_260' title='bbox 1257 2100 1389 2152; x_wconf 90' lang='lat' dir='ltr'>tenorem</span> <span class='ocrx_word' id='word_1_261' title='bbox 1406 2102 1502 2151; x_wconf 90' lang='lat' dir='ltr'>tamen</span> <span class='ocrx_word' id='word_1_262' title='bbox 1520 2095 1693 2167; x_wconf 87' lang='lat' dir='ltr'>posterioris</span> <span class='ocrx_word' id='word_1_263' title='bbox 1708 2094 1815 2152; x_wconf 83' lang='lat' dir='ltr'>rescri-</span> 
     </span>
     <span class='ocr_line' id='line_1_22' title="bbox 108 2182 1813 2258; baseline 0.002 -20"><span class='ocrx_word' id='word_1_264' title='bbox 108 2182 280 2239; x_wconf 85' lang='lat' dir='ltr'>cleeiensem</span> <span class='ocrx_word' id='word_1_265' title='bbox 298 2185 468 2258; x_wconf 88' lang='lat' dir='ltr'>episcopum</span> <span class='ocrx_word' id='word_1_266' title='bbox 493 2183 932 2256; x_wconf 77' lang='lat' dir='ltr'>postularant,sicute:cecrum</span> <span class='ocrx_word' id='word_1_267' title='bbox 985 2186 1076 2256; x_wconf 90' lang='lat' dir='ltr'>ptiad</span> <span class='ocrx_word' id='word_1_268' title='bbox 1094 2202 1146 2241; x_wconf 90' lang='lat' dir='ltr'>noe</span> <span class='ocrx_word' id='word_1_269' title='bbox 1175 2186 1328 2241; x_wconf 85' lang='lat' dir='ltr'>decaetero</span> <span class='ocrx_word' id='word_1_270' title='bbox 1352 2185 1565 2256; x_wconf 64' lang='lat' dir='ltr'>strigoniensis</span> <span class='ocrx_word' id='word_1_271' title='bbox 1588 2183 1719 2240; x_wconf 78' lang='lat' dir='ltr'>ecclesie</span> <span class='ocrx_word' id='word_1_272' title='bbox 1748 2200 1813 2257; x_wconf 86' lang='lat' dir='ltr'>pro·</span> 
     </span>
     <span class='ocr_line' id='line_1_23' title="bbox 105 2273 1814 2346; baseline 0.002 -20"><span class='ocrx_word' id='word_1_273' title='bbox 105 2276 185 2343; x_wconf 83' lang='lat' dir='ltr'>perte</span> <span class='ocrx_word' id='word_1_274' title='bbox 196 2273 251 2343; x_wconf 77' lang='lat' dir='ltr'>suit</span> <span class='ocrx_word' id='word_1_275' title='bbox 272 2276 441 2345; x_wconf 80' lang='lat' dir='ltr'>propositum</span> <span class='ocrx_word' id='word_1_276' title='bbox 457 2289 552 2329; x_wconf 88' lang='lat' dir='ltr'>corum</span> <span class='ocrx_word' id='word_1_277' title='bbox 566 2274 654 2336; x_wconf 71' lang='lat' dir='ltr'>vincis,</span> <span class='ocrx_word' id='word_1_278' title='bbox 680 2273 886 2330; x_wconf 80' lang='lat' dir='ltr'>convenientes</span> <span class='ocrx_word' id='word_1_279' title='bbox 901 2273 931 2329; x_wconf 91' lang='lat' dir='ltr'>in</span> <span class='ocrx_word' id='word_1_280' title='bbox 985 2273 1056 2330; x_wconf 85' lang='lat' dir='ltr'>visio</span> <span class='ocrx_word' id='word_1_281' title='bbox 1072 2274 1241 2346; x_wconf 87' lang='lat' dir='ltr'>pertineret.-</span> <span class='ocrx_word' id='word_1_282' title='bbox 1255 2274 1329 2339; x_wconf 84' lang='lat' dir='ltr'>Ouio</span> <span class='ocrx_word' id='word_1_283' title='bbox 1344 2291 1480 2330; x_wconf 87' lang='lat' dir='ltr'>veronen</span> <span class='ocrx_word' id='word_1_284' title='bbox 1498 2273 1614 2346; x_wconf 89' lang='lat' dir='ltr'>plenam</span> <span class='ocrx_word' id='word_1_285' title='bbox 1626 2274 1662 2330; x_wconf 91' lang='lat' dir='ltr'>de</span> <span class='ocrx_word' id='word_1_286' title='bbox 1678 2274 1814 2346; x_wconf 89' lang='lat' dir='ltr'>personis</span> 
     </span>
     <span class='ocr_line' id='line_1_24' title="bbox 106 2362 1813 2436; baseline 0.003 -21"><span class='ocrx_word' id='word_1_287' title='bbox 106 2363 540 2427; x_wconf 79' lang='lat' dir='ltr'>unum,caeterosoanooicosad</span> <span class='ocrx_word' id='word_1_288' title='bbox 549 2363 710 2435; x_wconf 88' lang='lat' dir='ltr'>capitulum</span> <span class='ocrx_word' id='word_1_289' title='bbox 721 2370 930 2429; x_wconf 81' lang='lat' dir='ltr'>convocarunt,</span> <span class='ocrx_word' id='word_1_290' title='bbox 983 2362 1078 2435; x_wconf 90' lang='lat' dir='ltr'>ipsius</span> <span class='ocrx_word' id='word_1_291' title='bbox 1089 2363 1170 2436; x_wconf 87' lang='lat' dir='ltr'>regni</span> <span class='ocrx_word' id='word_1_292' title='bbox 1182 2363 1316 2419; x_wconf 90' lang='lat' dir='ltr'>notitiem</span> <span class='ocrx_word' id='word_1_293' title='bbox 1330 2362 1722 2434; x_wconf 87' lang='lat' dir='ltr'>babebnmus,ideoqnenou</span> <span class='ocrx_word' id='word_1_294' title='bbox 1735 2367 1813 2434; x_wconf 91' lang='lat' dir='ltr'>pote·</span> 
     </span>
     <span class='ocr_line' id='line_1_25' title="bbox 105 2450 1813 2523; baseline 0.001 -18"><span class='ocrx_word' id='word_1_295' title='bbox 105 2450 140 2506; x_wconf 90' lang='lat' dir='ltr'>ad</span> <span class='ocrx_word' id='word_1_296' title='bbox 158 2451 387 2523; x_wconf 82' lang='lat' dir='ltr'>postulationem</span> <span class='ocrx_word' id='word_1_297' title='bbox 404 2452 589 2517; x_wconf 84' lang='lat' dir='ltr'>concordem,</span> <span class='ocrx_word' id='word_1_298' title='bbox 606 2450 649 2507; x_wconf 87' lang='lat' dir='ltr'>vel</span> <span class='ocrx_word' id='word_1_299' title='bbox 664 2451 932 2508; x_wconf 89' lang='lat' dir='ltr'>eiectionemcano·</span> <span class='ocrx_word' id='word_1_300' title='bbox 984 2468 1096 2518; x_wconf 87' lang='lat' dir='ltr'>ramus,</span> <span class='ocrx_word' id='word_1_301' title='bbox 1121 2452 1202 2508; x_wconf 86' lang='lat' dir='ltr'>salva</span> <span class='ocrx_word' id='word_1_302' title='bbox 1217 2453 1408 2518; x_wconf 82' lang='lat' dir='ltr'>conscientie,</span> <span class='ocrx_word' id='word_1_303' title='bbox 1432 2455 1536 2518; x_wconf 80' lang='lat' dir='ltr'>nostru,</span> <span class='ocrx_word' id='word_1_304' title='bbox 1558 2451 1652 2507; x_wconf 89' lang='lat' dir='ltr'>eidem</span> <span class='ocrx_word' id='word_1_305' title='bbox 1676 2450 1813 2508; x_wconf 77' lang='lat' dir='ltr'>dcclesie</span> 
     </span>
     <span class='ocr_line' id='line_1_26' title="bbox 105 2540 1811 2614; baseline 0 -18"><span class='ocrx_word' id='word_1_306' title='bbox 105 2540 931 2614; x_wconf 75' lang='lat' dir='ltr'>nicam,juxtamandetumnpoetolicum,intraprefiaeum</span> <span class='ocrx_word' id='word_1_307' title='bbox 983 2540 1012 2596; x_wconf 93' lang='lat' dir='ltr'>in</span> <span class='ocrx_word' id='word_1_308' title='bbox 1028 2541 1084 2597; x_wconf 86' lang='lat' dir='ltr'>alie</span> <span class='ocrx_word' id='word_1_309' title='bbox 1099 2557 1235 2613; x_wconf 88' lang='lat' dir='ltr'>persona,</span> <span class='ocrx_word' id='word_1_310' title='bbox 1257 2558 1321 2614; x_wconf 83' lang='lat' dir='ltr'>quas</span> <span class='ocrx_word' id='word_1_311' title='bbox 1336 2542 1372 2597; x_wconf 91' lang='lat' dir='ltr'>de</span> <span class='ocrx_word' id='word_1_312' title='bbox 1386 2557 1475 2614; x_wconf 84' lang='lat' dir='ltr'>regno</span> <span class='ocrx_word' id='word_1_313' title='bbox 1492 2541 1648 2613; x_wconf 83' lang='lat' dir='ltr'>Hungmie</span> <span class='ocrx_word' id='word_1_314' title='bbox 1663 2540 1811 2614; x_wconf 88' lang='lat' dir='ltr'>originem</span> 
     </span>
     <span class='ocr_line' id='line_1_27' title="bbox 102 2629 1814 2704; baseline 0.001 -19"><span class='ocrx_word' id='word_1_315' title='bbox 102 2631 154 2686; x_wconf 76' lang='lat' dir='ltr'>siti</span> <span class='ocrx_word' id='word_1_316' title='bbox 169 2633 321 2686; x_wconf 81' lang='lat' dir='ltr'>terminum</span> <span class='ocrx_word' id='word_1_317' title='bbox 339 2631 745 2703; x_wconf 86' lang='lat' dir='ltr'>procederecupientes;sed‚</span> <span class='ocrx_word' id='word_1_318' title='bbox 757 2629 817 2686; x_wconf 88' lang='lat' dir='ltr'>illis</span> <span class='ocrx_word' id='word_1_319' title='bbox 828 2630 929 2687; x_wconf 89' lang='lat' dir='ltr'>noleu·</span> <span class='ocrx_word' id='word_1_320' title='bbox 983 2629 1112 2698; x_wconf 89' lang='lat' dir='ltr'>duceret,</span> <span class='ocrx_word' id='word_1_321' title='bbox 1138 2647 1267 2704; x_wconf 86' lang='lat' dir='ltr'>congrue</span> <span class='ocrx_word' id='word_1_322' title='bbox 1288 2631 1451 2702; x_wconf 86' lang='lat' dir='ltr'>providere,</span> <span class='ocrx_word' id='word_1_323' title='bbox 1467 2645 1520 2686; x_wconf 90' lang='lat' dir='ltr'>nee</span> <span class='ocrx_word' id='word_1_324' title='bbox 1534 2629 1678 2686; x_wconf 91' lang='lat' dir='ltr'>vellemus</span> <span class='ocrx_word' id='word_1_325' title='bbox 1698 2629 1725 2686; x_wconf 92' lang='lat' dir='ltr'>ei</span> <span class='ocrx_word' id='word_1_326' title='bbox 1743 2644 1814 2702; x_wconf 77' lang='lat' dir='ltr'>pre·</span> 
     </span>
     <span class='ocr_line' id='line_1_28' title="bbox 102 2717 1811 2795; baseline -0.001 -20"><span class='ocrx_word' id='word_1_327' title='bbox 102 2717 184 2775; x_wconf 90' lang='lat' dir='ltr'>tibus</span> <span class='ocrx_word' id='word_1_328' title='bbox 198 2718 362 2786; x_wconf 84' lang='lat' dir='ltr'>convenire,</span> <span class='ocrx_word' id='word_1_329' title='bbox 379 2717 578 2791; x_wconf 85' lang='lat' dir='ltr'>intelligentes</span> <span class='ocrx_word' id='word_1_330' title='bbox 593 2735 683 2790; x_wconf 87' lang='lat' dir='ltr'>penes</span> <span class='ocrx_word' id='word_1_331' title='bbox 705 2737 737 2776; x_wconf 89' lang='lat' dir='ltr'>ee</span> <span class='ocrx_word' id='word_1_332' title='bbox 752 2725 867 2795; x_wconf 82' lang='lat' dir='ltr'>teptum</span> <span class='ocrx_word' id='word_1_333' title='bbox 885 2736 929 2776; x_wconf 89' lang='lat' dir='ltr'>re·</span> <span class='ocrx_word' id='word_1_334' title='bbox 983 2718 1068 2775; x_wconf 89' lang='lat' dir='ltr'>licere</span> <span class='ocrx_word' id='word_1_335' title='bbox 1091 2718 1232 2788; x_wconf 87' lang='lat' dir='ltr'>alienum,</span> <span class='ocrx_word' id='word_1_336' title='bbox 1263 2722 1397 2791; x_wconf 81' lang='lat' dir='ltr'>quemvis</span> <span class='ocrx_word' id='word_1_337' title='bbox 1420 2720 1578 2791; x_wconf 75' lang='lat' dir='ltr'>regularius</span> <span class='ocrx_word' id='word_1_338' title='bbox 1602 2724 1631 2773; x_wconf 91' lang='lat' dir='ltr'>et</span> <span class='ocrx_word' id='word_1_339' title='bbox 1654 2717 1811 2775; x_wconf 83' lang='lat' dir='ltr'>honestius</span> 
     </span>
     <span class='ocr_line' id='line_1_29' title="bbox 101 2806 1810 2882; baseline -0.001 -19"><span class='ocrx_word' id='word_1_340' title='bbox 101 2810 246 2864; x_wconf 86' lang='lat' dir='ltr'>mansisse</span> <span class='ocrx_word' id='word_1_341' title='bbox 260 2809 429 2864; x_wconf 80' lang='lat' dir='ltr'>fucultatem</span> <span class='ocrx_word' id='word_1_342' title='bbox 444 2807 565 2864; x_wconf 88' lang='lat' dir='ltr'>liberam</span> <span class='ocrx_word' id='word_1_343' title='bbox 583 2806 722 2882; x_wconf 87' lang='lat' dir='ltr'>eligendi,</span> <span class='ocrx_word' id='word_1_344' title='bbox 738 2810 807 2880; x_wconf 86' lang='lat' dir='ltr'>quia</span> <span class='ocrx_word' id='word_1_345' title='bbox 823 2807 928 2880; x_wconf 85' lang='lat' dir='ltr'>reliqui</span> <span class='ocrx_word' id='word_1_346' title='bbox 981 2807 1138 2879; x_wconf 87' lang='lat' dir='ltr'>videretur,</span> <span class='ocrx_word' id='word_1_347' title='bbox 1165 2808 1189 2863; x_wconf 88' lang='lat' dir='ltr'>si</span> <span class='ocrx_word' id='word_1_348' title='bbox 1215 2807 1420 2880; x_wconf 74' lang='lat' dir='ltr'>suffraganeus</span> <span class='ocrx_word' id='word_1_349' title='bbox 1448 2808 1484 2863; x_wconf 87' lang='lat' dir='ltr'>ed</span> <span class='ocrx_word' id='word_1_350' title='bbox 1509 2806 1694 2878; x_wconf 88' lang='lat' dir='ltr'>metropolim</span> <span class='ocrx_word' id='word_1_351' title='bbox 1724 2820 1810 2863; x_wconf 86' lang='lat' dir='ltr'>suam</span> 
     </span>
     <span class='ocr_line' id='line_1_30' title="bbox 16 2893 1812 2969; baseline -0.001 -17"><span class='ocrx_word' id='word_1_352' title='bbox 16 2914 19 2919; x_wconf 92' lang='lat'>·</span> <span class='ocrx_word' id='word_1_353' title='bbox 95 2896 250 2967; x_wconf 86' lang='lat' dir='ltr'>jussuum</span> <span class='ocrx_word' id='word_1_354' title='bbox 268 2898 406 2969; x_wconf 83' lang='lat' dir='ltr'>prosequi</span> <span class='ocrx_word' id='word_1_355' title='bbox 429 2896 629 2968; x_wconf 86' lang='lat' dir='ltr'>negligebnnt,</span> <span class='ocrx_word' id='word_1_356' title='bbox 647 2896 818 2967; x_wconf 82' lang='lat' dir='ltr'>predictum</span> <span class='ocrx_word' id='word_1_357' title='bbox 835 2896 928 2966; x_wconf 85' lang='lat' dir='ltr'>Quin·</span> <span class='ocrx_word' id='word_1_358' title='bbox 981 2896 1342 2969; x_wconf 78' lang='lat' dir='ltr'>escenderet(590)‚quam</span> <span class='ocrx_word' id='word_1_359' title='bbox 1368 2893 1812 2969; x_wconf 86' lang='lat' dir='ltr'>archiepiscopusametropoli</span> 
     </span>
     <span class='ocr_line' id='line_1_31' title="bbox 99 2982 1812 3057; baseline -0.001 -17"><span class='ocrx_word' id='word_1_360' title='bbox 99 2985 346 3056; x_wconf 87' lang='lat' dir='ltr'>queoclesiensem</span> <span class='ocrx_word' id='word_1_361' title='bbox 362 2985 545 3057; x_wconf 89' lang='lat' dir='ltr'>episcopum,</span> <span class='ocrx_word' id='word_1_362' title='bbox 564 2983 630 3041; x_wconf 83' lang='lat' dir='ltr'>licet</span> <span class='ocrx_word' id='word_1_363' title='bbox 644 3000 680 3040; x_wconf 85' lang='lat' dir='ltr'>ue</span> <span class='ocrx_word' id='word_1_364' title='bbox 690 2984 719 3040; x_wconf 83' lang='lat' dir='ltr'>id</span> <span class='ocrx_word' id='word_1_365' title='bbox 728 2985 815 3056; x_wconf 73' lang='lat' dir='ltr'>fieret,</span> <span class='ocrx_word' id='word_1_366' title='bbox 830 2987 930 3055; x_wconf 64' lang='lat' dir='ltr'>fuisset</span> <span class='ocrx_word' id='word_1_367' title='bbox 981 2984 1015 3039; x_wconf 90' lang='lat' dir='ltr'>ad</span> <span class='ocrx_word' id='word_1_368' title='bbox 1034 2984 1216 3055; x_wconf 85' lang='lat' dir='ltr'>metropolim</span> <span class='ocrx_word' id='word_1_369' title='bbox 1243 2985 1461 3053; x_wconf 75' lang='lat' dir='ltr'>transferretur,</span> <span class='ocrx_word' id='word_1_370' title='bbox 1477 2990 1586 3057; x_wconf 86' lang='lat' dir='ltr'>partem</span> <span class='ocrx_word' id='word_1_371' title='bbox 1609 2990 1707 3039; x_wconf 89' lang='lat' dir='ltr'>tumen</span> <span class='ocrx_word' id='word_1_372' title='bbox 1723 2982 1812 3056; x_wconf 85' lang='lat' dir='ltr'>elegi·</span> 
     </span>
     <span class='ocr_line' id='line_1_32' title="bbox 97 3071 1811 3146; baseline 0.001 -18"><span class='ocrx_word' id='word_1_373' title='bbox 97 3073 131 3128; x_wconf 82' lang='lat' dir='ltr'>ut</span> <span class='ocrx_word' id='word_1_374' title='bbox 146 3071 212 3128; x_wconf 80' lang='lat' dir='ltr'>otiis</span> <span class='ocrx_word' id='word_1_375' title='bbox 234 3073 419 3146; x_wconf 83' lang='lat' dir='ltr'>appellatum,</span> <span class='ocrx_word' id='word_1_376' title='bbox 436 3073 531 3128; x_wconf 89' lang='lat' dir='ltr'>denuo</span> <span class='ocrx_word' id='word_1_377' title='bbox 546 3071 742 3145; x_wconf 88' lang='lat' dir='ltr'>postularunt.</span> <span class='ocrx_word' id='word_1_378' title='bbox 768 3071 840 3128; x_wconf 85' lang='lat' dir='ltr'>Cum</span> <span class='ocrx_word' id='word_1_379' title='bbox 857 3088 926 3144; x_wconf 88' lang='lat' dir='ltr'>ergo</span> <span class='ocrx_word' id='word_1_380' title='bbox 981 3088 1048 3128; x_wconf 91' lang='lat' dir='ltr'>mus</span> <span class='ocrx_word' id='word_1_381' title='bbox 1064 3071 1398 3144; x_wconf 78' lang='lat' dir='ltr'>potiorem,steumdern</span> <span class='ocrx_word' id='word_1_382' title='bbox 1411 3073 1665 3145; x_wconf 87' lang='lat' dir='ltr'>archiepiscopum</span> <span class='ocrx_word' id='word_1_383' title='bbox 1678 3073 1708 3128; x_wconf 92' lang='lat' dir='ltr'>in</span> <span class='ocrx_word' id='word_1_384' title='bbox 1720 3086 1811 3144; x_wconf 84' lang='lat' dir='ltr'>quem</span> 
     </span>
     <span class='ocr_line' id='line_1_33' title="bbox 98 3142 1813 3235; baseline 0.001 -19"><span class='ocrx_word' id='word_1_385' title='bbox 98 3161 252 3233; x_wconf 89' lang='lat' dir='ltr'>utriusque</span> <span class='ocrx_word' id='word_1_386' title='bbox 267 3161 360 3234; x_wconf 79' lang='lat' dir='ltr'>partis</span> <span class='ocrx_word' id='word_1_387' title='bbox 378 3160 473 3216; x_wconf 92' lang='lat' dir='ltr'>nuntii</span> <span class='ocrx_word' id='word_1_388' title='bbox 489 3161 523 3216; x_wconf 90' lang='lat' dir='ltr'>ed</span> <span class='ocrx_word' id='word_1_389' title='bbox 541 3162 638 3217; x_wconf 90' lang='lat' dir='ltr'>sedem</span> <span class='ocrx_word' id='word_1_390' title='bbox 660 3160 850 3233; x_wconf 84' lang='lat' dir='ltr'>apostolicum</span> <span class='ocrx_word' id='word_1_391' title='bbox 861 3178 926 3235; x_wconf 90' lang='lat' dir='ltr'>per·</span> <span class='ocrx_word' id='word_1_392' title='bbox 942 3142 964 3211; x_wconf 76' lang='lat' dir='ltr'>C</span> <span class='ocrx_word' id='word_1_393' title='bbox 983 3176 1086 3217; x_wconf 89' lang='lat' dir='ltr'>omnes</span> <span class='ocrx_word' id='word_1_394' title='bbox 1102 3176 1227 3234; x_wconf 87' lang='lat' dir='ltr'>quorum</span> <span class='ocrx_word' id='word_1_395' title='bbox 1244 3178 1406 3218; x_wconf 89' lang='lat' dir='ltr'>consensus</span> <span class='ocrx_word' id='word_1_396' title='bbox 1421 3161 1450 3216; x_wconf 92' lang='lat' dir='ltr'>in</span> <span class='ocrx_word' id='word_1_397' title='bbox 1466 3161 1609 3218; x_wconf 88' lang='lat' dir='ltr'>electione</span> <span class='ocrx_word' id='word_1_398' title='bbox 1623 3160 1666 3216; x_wconf 82' lang='lat' dir='ltr'>sel</span> <span class='ocrx_word' id='word_1_399' title='bbox 1682 3161 1813 3234; x_wconf 85' lang='lat' dir='ltr'>postula·</span> 
     </span>
     <span class='ocr_line' id='line_1_34' title="bbox 95 3248 1813 3324; baseline 0.001 -20"><span class='ocrx_word' id='word_1_400' title='bbox 95 3251 255 3318; x_wconf 88' lang='lat' dir='ltr'>venisseut,</span> <span class='ocrx_word' id='word_1_401' title='bbox 281 3251 299 3304; x_wconf 91' lang='lat' dir='ltr'>ii</span> <span class='ocrx_word' id='word_1_402' title='bbox 320 3249 370 3323; x_wconf 91' lang='lat' dir='ltr'>qui</span> <span class='ocrx_word' id='word_1_403' title='bbox 399 3266 451 3322; x_wconf 92' lang='lat' dir='ltr'>pro</span> <span class='ocrx_word' id='word_1_404' title='bbox 476 3248 764 3322; x_wconf 83' lang='lat' dir='ltr'>Quinquecclesiensi</span> <span class='ocrx_word' id='word_1_405' title='bbox 786 3250 924 3324; x_wconf 88' lang='lat' dir='ltr'>episeopo</span> <span class='ocrx_word' id='word_1_406' title='bbox 980 3249 1060 3306; x_wconf 91' lang='lat' dir='ltr'>tione</span> <span class='ocrx_word' id='word_1_407' title='bbox 1077 3251 1204 3323; x_wconf 84' lang='lat' dir='ltr'>postoris</span> <span class='ocrx_word' id='word_1_408' title='bbox 1218 3252 1390 3323; x_wconf 87' lang='lat' dir='ltr'>requiritur,</span> <span class='ocrx_word' id='word_1_409' title='bbox 1406 3249 1474 3307; x_wconf 88' lang='lat' dir='ltr'>licet</span> <span class='ocrx_word' id='word_1_410' title='bbox 1488 3249 1672 3323; x_wconf 87' lang='lat' dir='ltr'>temporibus</span> <span class='ocrx_word' id='word_1_411' title='bbox 1686 3250 1813 3308; x_wconf 81' lang='lat' dir='ltr'>diversis</span> 
     </span>
     <span class='ocr_line' id='line_1_35' title="bbox 93 3338 1811 3413; baseline 0.002 -20"><span class='ocrx_word' id='word_1_412' title='bbox 93 3343 243 3407; x_wconf 87' lang='lat' dir='ltr'>venerant,</span> <span class='ocrx_word' id='word_1_413' title='bbox 260 3339 474 3410; x_wconf 78' lang='lat' dir='ltr'>proponebant,</span> <span class='ocrx_word' id='word_1_414' title='bbox 487 3343 599 3410; x_wconf 89' lang='lat' dir='ltr'>partem</span> <span class='ocrx_word' id='word_1_415' title='bbox 611 3355 694 3395; x_wconf 87' lang='lat' dir='ltr'>suam</span> <span class='ocrx_word' id='word_1_416' title='bbox 707 3339 922 3409; x_wconf 78' lang='lat' dir='ltr'>jentamenda·</span> <span class='ocrx_word' id='word_1_417' title='bbox 979 3346 1226 3411; x_wconf 84' lang='lat' dir='ltr'>convenerant,u</span> <span class='ocrx_word' id='word_1_418' title='bbox 1253 3340 1370 3396; x_wconf 81' lang='lat' dir='ltr'>vinculo</span> <span class='ocrx_word' id='word_1_419' title='bbox 1395 3355 1453 3413; x_wconf 88' lang='lat' dir='ltr'>quo</span> <span class='ocrx_word' id='word_1_420' title='bbox 1478 3341 1632 3395; x_wconf 87' lang='lat' dir='ltr'>tenebatur</span> <span class='ocrx_word' id='word_1_421' title='bbox 1657 3338 1811 3396; x_wconf 78' lang='lat' dir='ltr'>colocensi</span> 
     </span>
     <span class='ocr_line' id='line_1_36' title="bbox 94 3426 1812 3500; baseline 0.003 -20"><span class='ocrx_word' id='word_1_422' title='bbox 94 3434 156 3482; x_wconf 90' lang='lat' dir='ltr'>tum</span> <span class='ocrx_word' id='word_1_423' title='bbox 173 3427 367 3498; x_wconf 88' lang='lat' dir='ltr'>apostolicum</span> <span class='ocrx_word' id='word_1_424' title='bbox 390 3427 579 3500; x_wconf 85' lang='lat' dir='ltr'>processisse,</span> <span class='ocrx_word' id='word_1_425' title='bbox 605 3443 658 3483; x_wconf 89' lang='lat' dir='ltr'>nec</span> <span class='ocrx_word' id='word_1_426' title='bbox 682 3427 800 3485; x_wconf 89' lang='lat' dir='ltr'>obstare</span> <span class='ocrx_word' id='word_1_427' title='bbox 812 3429 922 3484; x_wconf 90' lang='lat' dir='ltr'>discor·</span> <span class='ocrx_word' id='word_1_428' title='bbox 977 3426 1313 3495; x_wconf 83' lang='lat' dir='ltr'>ecclesieeabsolventes,</span> <span class='ocrx_word' id='word_1_429' title='bbox 1329 3429 1364 3483; x_wconf 93' lang='lat' dir='ltr'>ad</span> <span class='ocrx_word' id='word_1_430' title='bbox 1382 3426 1812 3500; x_wconf 85' lang='lat' dir='ltr'>metropolimStrigonienssm</span> 
     </span>
     <span class='ocr_line' id='line_1_37' title="bbox 94 3514 1811 3590; baseline 0.002 -20"><span class='ocrx_word' id='word_1_431' title='bbox 94 3515 185 3582; x_wconf 86' lang='lat' dir='ltr'>diem,</span> <span class='ocrx_word' id='word_1_432' title='bbox 201 3514 245 3572; x_wconf 87' lang='lat' dir='ltr'>vel</span> <span class='ocrx_word' id='word_1_433' title='bbox 270 3518 533 3572; x_wconf 80' lang='lat' dir='ltr'>contradictionem</span> <span class='ocrx_word' id='word_1_434' title='bbox 549 3533 664 3585; x_wconf 89' lang='lat' dir='ltr'>eorum,</span> <span class='ocrx_word' id='word_1_435' title='bbox 679 3517 740 3590; x_wconf 87' lang='lat' dir='ltr'>qui,</span> <span class='ocrx_word' id='word_1_436' title='bbox 761 3517 844 3589; x_wconf 78' lang='lat' dir='ltr'>iuxta</span> <span class='ocrx_word' id='word_1_437' title='bbox 859 3518 922 3573; x_wconf 89' lang='lat' dir='ltr'>ior·</span> <span class='ocrx_word' id='word_1_438' title='bbox 977 3515 1196 3586; x_wconf 85' lang='lat' dir='ltr'>transierimus;</span> <span class='ocrx_word' id='word_1_439' title='bbox 1214 3523 1243 3573; x_wconf 92' lang='lat' dir='ltr'>et</span> <span class='ocrx_word' id='word_1_440' title='bbox 1256 3518 1282 3573; x_wconf 94' lang='lat' dir='ltr'>ei</span> <span class='ocrx_word' id='word_1_441' title='bbox 1298 3515 1446 3572; x_wconf 86' lang='lat' dir='ltr'>licentiam</span> <span class='ocrx_word' id='word_1_442' title='bbox 1462 3515 1623 3572; x_wconf 87' lang='lat' dir='ltr'>tribuimus</span> <span class='ocrx_word' id='word_1_443' title='bbox 1633 3516 1811 3574; x_wconf 85' lang='lat' dir='ltr'>transeundi</span> 
     </span>
     <span class='ocr_line' id='line_1_38' title="bbox 95 3598 1804 3677; baseline 0.001 -17"><span class='ocrx_word' id='word_1_444' title='bbox 95 3598 174 3660; x_wconf 82' lang='lat' dir='ltr'>main</span> <span class='ocrx_word' id='word_1_445' title='bbox 191 3604 323 3661; x_wconf 90' lang='lat' dir='ltr'>mundati</span> <span class='ocrx_word' id='word_1_446' title='bbox 346 3605 437 3661; x_wconf 87' lang='lat' dir='ltr'>nostri</span> <span class='ocrx_word' id='word_1_447' title='bbox 453 3606 609 3676; x_wconf 87' lang='lat' dir='ltr'>procudere</span> <span class='ocrx_word' id='word_1_448' title='bbox 622 3611 854 3676; x_wconf 90' lang='lat' dir='ltr'>contemnentes,</span> <span class='ocrx_word' id='word_1_449' title='bbox 870 3605 922 3662; x_wconf 91' lang='lat' dir='ltr'>illo</span> <span class='ocrx_word' id='word_1_450' title='bbox 978 3604 1105 3677; x_wconf 87' lang='lat' dir='ltr'>palleum</span> <span class='ocrx_word' id='word_1_451' title='bbox 1131 3606 1156 3662; x_wconf 92' lang='lat' dir='ltr'>ei</span> <span class='ocrx_word' id='word_1_452' title='bbox 1172 3606 1207 3662; x_wconf 93' lang='lat' dir='ltr'>ad</span> <span class='ocrx_word' id='word_1_453' title='bbox 1231 3622 1337 3662; x_wconf 90' lang='lat' dir='ltr'>nomen</span> <span class='ocrx_word' id='word_1_454' title='bbox 1352 3610 1382 3661; x_wconf 91' lang='lat' dir='ltr'>et</span> <span class='ocrx_word' id='word_1_455' title='bbox 1397 3621 1484 3661; x_wconf 91' lang='lat' dir='ltr'>usum</span> <span class='ocrx_word' id='word_1_456' title='bbox 1506 3605 1640 3676; x_wconf 76' lang='lat' dir='ltr'>eiusdem</span> <span class='ocrx_word' id='word_1_457' title='bbox 1668 3604 1804 3662; x_wconf 82' lang='lat' dir='ltr'>ltcelesiss</span> 
     </span>
     <span class='ocr_line' id='line_1_39' title="bbox 95 3691 1809 3768; baseline 0.004 -23"><span class='ocrx_word' id='word_1_458' title='bbox 95 3698 209 3763; x_wconf 90' lang='lat' dir='ltr'>recepto</span> <span class='ocrx_word' id='word_1_459' title='bbox 223 3733 231 3758; x_wconf 98' lang='lat'>,</span> <span class='ocrx_word' id='word_1_460' title='bbox 246 3709 298 3748; x_wconf 92' lang='lat' dir='ltr'>nec</span> <span class='ocrx_word' id='word_1_461' title='bbox 313 3691 460 3766; x_wconf 91' lang='lat' dir='ltr'>elegerent</span> <span class='ocrx_word' id='word_1_462' title='bbox 485 3710 664 3766; x_wconf 87' lang='lat' dir='ltr'>quemquam</span> <span class='ocrx_word' id='word_1_463' title='bbox 691 3695 830 3751; x_wconf 89' lang='lat' dir='ltr'>canonice</span> <span class='ocrx_word' id='word_1_464' title='bbox 846 3736 853 3762; x_wconf 88' lang='lat'>,</span> <span class='ocrx_word' id='word_1_465' title='bbox 870 3711 922 3751; x_wconf 92' lang='lat' dir='ltr'>nec</span> <span class='ocrx_word' id='word_1_466' title='bbox 976 3695 1205 3768; x_wconf 80' lang='lat' dir='ltr'>transmissuri]</span> <span class='ocrx_word' id='word_1_467' title='bbox 1216 3693 1809 3767; x_wconf 82' lang='lat' dir='ltr'>ilonemusigiturdiscretionemvestram</span> 
     </span>
     <span class='ocr_line' id='line_1_40' title="bbox 95 3781 1808 3859; baseline 0.004 -23"><span class='ocrx_word' id='word_1_468' title='bbox 95 3781 277 3837; x_wconf 89' lang='lat' dir='ltr'>concorditer</span> <span class='ocrx_word' id='word_1_469' title='bbox 292 3781 484 3854; x_wconf 60' lang='lat' dir='ltr'>postulerant,</span> <span class='ocrx_word' id='word_1_470' title='bbox 501 3784 579 3840; x_wconf 92' lang='lat' dir='ltr'>unde</span> <span class='ocrx_word' id='word_1_471' title='bbox 593 3800 716 3841; x_wconf 90' lang='lat' dir='ltr'>concors</span> <span class='ocrx_word' id='word_1_472' title='bbox 731 3784 858 3842; x_wconf 89' lang='lat' dir='ltr'>debebat</span> <span class='ocrx_word' id='word_1_473' title='bbox 871 3802 920 3841; x_wconf 91' lang='lat' dir='ltr'>eo·</span> <span class='ocrx_word' id='word_1_474' title='bbox 976 3787 1132 3852; x_wconf 86' lang='lat' dir='ltr'>attentius,</span> <span class='ocrx_word' id='word_1_475' title='bbox 1156 3792 1185 3842; x_wconf 87' lang='lat' dir='ltr'>et</span> <span class='ocrx_word' id='word_1_476' title='bbox 1200 3803 1250 3859; x_wconf 91' lang='lat' dir='ltr'>per</span> <span class='ocrx_word' id='word_1_477' title='bbox 1274 3785 1435 3859; x_wconf 90' lang='lat' dir='ltr'>apostolica</span> <span class='ocrx_word' id='word_1_478' title='bbox 1449 3785 1532 3842; x_wconf 85' lang='lat' dir='ltr'>vobis</span> <span class='ocrx_word' id='word_1_479' title='bbox 1557 3785 1669 3858; x_wconf 84' lang='lat' dir='ltr'>scripta</span> <span class='ocrx_word' id='word_1_480' title='bbox 1684 3785 1808 3842; x_wconf 75' lang='lat' dir='ltr'>manda·</span> 
     </span>
     <span class='ocr_line' id='line_1_41' title="bbox 96 3872 1808 3948; baseline 0.002 -22"><span class='ocrx_word' id='word_1_481' title='bbox 96 3888 162 3927; x_wconf 92' lang='lat' dir='ltr'>rum</span> <span class='ocrx_word' id='word_1_482' title='bbox 188 3873 347 3944; x_wconf 77' lang='lat' dir='ltr'>postulatio</span> <span class='ocrx_word' id='word_1_483' title='bbox 372 3873 511 3944; x_wconf 88' lang='lat' dir='ltr'>reputari,</span> <span class='ocrx_word' id='word_1_484' title='bbox 537 3890 601 3929; x_wconf 89' lang='lat' dir='ltr'>cum</span> <span class='ocrx_word' id='word_1_485' title='bbox 627 3874 749 3944; x_wconf 80' lang='lat' dir='ltr'>ceteri,</span> <span class='ocrx_word' id='word_1_486' title='bbox 781 3880 920 3948; x_wconf 76' lang='lat' dir='ltr'>tauquam</span> <span class='ocrx_word' id='word_1_487' title='bbox 977 3884 1213 3946; x_wconf 86' lang='lat' dir='ltr'>musquaienus,</span> <span class='ocrx_word' id='word_1_488' title='bbox 1229 3875 1324 3932; x_wconf 89' lang='lat' dir='ltr'>eidem</span> <span class='ocrx_word' id='word_1_489' title='bbox 1339 3872 1808 3946; x_wconf 83' lang='lat' dir='ltr'>archiepiscoporeserentismet</span> 
     </span>
     <span class='ocr_line' id='line_1_42' title="bbox 90 3960 1806 4037; baseline 0.003 -22"><span class='ocrx_word' id='word_1_490' title='bbox 90 3960 237 4032; x_wconf 85' lang='lat' dir='ltr'>jussionis</span> <span class='ocrx_word' id='word_1_491' title='bbox 253 3961 419 4034; x_wconf 79' lang='lat' dir='ltr'>apostolice</span> <span class='ocrx_word' id='word_1_492' title='bbox 435 3967 666 4033; x_wconf 88' lang='lat' dir='ltr'>contemptores,</span> <span class='ocrx_word' id='word_1_493' title='bbox 682 3962 810 4035; x_wconf 91' lang='lat' dir='ltr'>eligendi</span> <span class='ocrx_word' id='word_1_494' title='bbox 825 3971 854 4018; x_wconf 92' lang='lat' dir='ltr'>et</span> <span class='ocrx_word' id='word_1_495' title='bbox 868 3980 921 4037; x_wconf 91' lang='lat' dir='ltr'>po·</span> <span class='ocrx_word' id='word_1_496' title='bbox 975 3960 1172 4019; x_wconf 83' lang='lat' dir='ltr'>obedientiam</span> <span class='ocrx_word' id='word_1_497' title='bbox 1189 3963 1318 4021; x_wconf 84' lang='lat' dir='ltr'>debilem</span> <span class='ocrx_word' id='word_1_498' title='bbox 1328 3963 1539 4036; x_wconf 81' lang='lat' dir='ltr'>impendentes,</span> <span class='ocrx_word' id='word_1_499' title='bbox 1547 3962 1680 4019; x_wconf 82' lang='lat' dir='ltr'>solobria</span> <span class='ocrx_word' id='word_1_500' title='bbox 1690 3963 1806 4021; x_wconf 82' lang='lat' dir='ltr'>moniis</span> 
     </span>
     <span class='ocr_line' id='line_1_43' title="bbox 95 4049 1807 4125; baseline 0.001 -19"><span class='ocrx_word' id='word_1_501' title='bbox 95 4049 226 4107; x_wconf 88' lang='lat' dir='ltr'>etnlandi</span> <span class='ocrx_word' id='word_1_502' title='bbox 241 4066 272 4106; x_wconf 86' lang='lat' dir='ltr'>ee</span> <span class='ocrx_word' id='word_1_503' title='bbox 283 4051 352 4123; x_wconf 78' lang='lat' dir='ltr'>jure</span> <span class='ocrx_word' id='word_1_504' title='bbox 365 4052 540 4123; x_wconf 86' lang='lat' dir='ltr'>privassent,</span> <span class='ocrx_word' id='word_1_505' title='bbox 556 4052 628 4108; x_wconf 92' lang='lat' dir='ltr'>dum</span> <span class='ocrx_word' id='word_1_506' title='bbox 645 4067 697 4108; x_wconf 88' lang='lat' dir='ltr'>nec</span> <span class='ocrx_word' id='word_1_507' title='bbox 710 4053 858 4125; x_wconf 82' lang='lat' dir='ltr'>postulare</span> <span class='ocrx_word' id='word_1_508' title='bbox 869 4069 921 4109; x_wconf 89' lang='lat' dir='ltr'>nec</span> <span class='ocrx_word' id='word_1_509' title='bbox 975 4054 1005 4105; x_wconf 89' lang='lat' dir='ltr'>et</span> <span class='ocrx_word' id='word_1_510' title='bbox 1018 4053 1158 4108; x_wconf 88' lang='lat' dir='ltr'>mandata</span> <span class='ocrx_word' id='word_1_511' title='bbox 1168 4053 1263 4125; x_wconf 87' lang='lat' dir='ltr'>ipsius</span> <span class='ocrx_word' id='word_1_512' title='bbox 1274 4052 1422 4124; x_wconf 90' lang='lat' dir='ltr'>recipiatis</span> <span class='ocrx_word' id='word_1_513' title='bbox 1433 4050 1597 4118; x_wconf 89' lang='lat' dir='ltr'>humiliter,</span> <span class='ocrx_word' id='word_1_514' title='bbox 1608 4057 1638 4108; x_wconf 91' lang='lat' dir='ltr'>et</span> <span class='ocrx_word' id='word_1_515' title='bbox 1648 4050 1807 4108; x_wconf 84' lang='lat' dir='ltr'>iuviolabi-</span> 
     </span>
     <span class='ocr_line' id='line_1_44' title="bbox 1 4130 1805 4213; baseline 0.001 -17"><span class='ocrx_word' id='word_1_516' title='bbox 1 4137 4 4148; x_wconf 81' lang='grc'><strong>“</strong></span> <span class='ocrx_word' id='word_1_517' title='bbox 94 4137 200 4212; x_wconf 86' lang='lat' dir='ltr'>eligere</span> <span class='ocrx_word' id='word_1_518' title='bbox 215 4139 381 4204; x_wconf 84' lang='lat' dir='ltr'>uoluerunt,</span> <span class='ocrx_word' id='word_1_519' title='bbox 391 4140 450 4195; x_wconf 90' lang='lat' dir='ltr'>imo</span> <span class='ocrx_word' id='word_1_520' title='bbox 461 4156 514 4196; x_wconf 93' lang='lat' dir='ltr'>nec</span> <span class='ocrx_word' id='word_1_521' title='bbox 524 4138 612 4196; x_wconf 88' lang='lat' dir='ltr'>etiam</span> <span class='ocrx_word' id='word_1_522' title='bbox 628 4141 664 4196; x_wconf 84' lang='lat' dir='ltr'>cd</span> <span class='ocrx_word' id='word_1_523' title='bbox 676 4140 838 4212; x_wconf 89' lang='lat' dir='ltr'>capitulum</span> <span class='ocrx_word' id='word_1_524' title='bbox 850 4157 919 4197; x_wconf 92' lang='lat' dir='ltr'>coo·</span> <span class='ocrx_word' id='word_1_525' title='bbox 975 4136 1042 4195; x_wconf 92' lang='lat' dir='ltr'>liter</span> <span class='ocrx_word' id='word_1_526' title='bbox 1054 4141 1225 4208; x_wconf 84' lang='lat' dir='ltr'>observetis,</span> <span class='ocrx_word' id='word_1_527' title='bbox 1241 4146 1275 4196; x_wconf 91' lang='lat' dir='ltr'>ut</span> <span class='ocrx_word' id='word_1_528' title='bbox 1290 4147 1319 4198; x_wconf 89' lang='lat' dir='ltr'>et</span> <span class='ocrx_word' id='word_1_529' title='bbox 1333 4141 1340 4195; x_wconf 93' lang='lat' dir='ltr'>i</span> <span class='ocrx_word' id='word_1_530' title='bbox 1346 4157 1397 4213; x_wconf 89' lang='lat' dir='ltr'>pse</span> <span class='ocrx_word' id='word_1_531' title='bbox 1407 4130 1649 4213; x_wconf 82' lang='lat' dir='ltr'>paternumvobis</span> <span class='ocrx_word' id='word_1_532' title='bbox 1662 4139 1805 4197; x_wconf 77' lang='lat' dir='ltr'>exhibere</span> 
     </span>
     <span class='ocr_line' id='line_1_45' title="bbox 92 4228 1804 4303; baseline 0.001 -19"><span class='ocrx_word' id='word_1_533' title='bbox 92 4228 201 4285; x_wconf 84' lang='lat' dir='ltr'>venire.</span> <span class='ocrx_word' id='word_1_534' title='bbox 217 4229 257 4285; x_wconf 79' lang='lat' dir='ltr'>ld</span> <span class='ocrx_word' id='word_1_535' title='bbox 283 4228 343 4284; x_wconf 83' lang='lat' dir='ltr'>baee</span> <span class='ocrx_word' id='word_1_536' title='bbox 359 4235 457 4285; x_wconf 90' lang='lat' dir='ltr'>autem</span> <span class='ocrx_word' id='word_1_537' title='bbox 472 4247 507 4285; x_wconf 83' lang='lat' dir='ltr'>ex</span> <span class='ocrx_word' id='word_1_538' title='bbox 531 4229 653 4286; x_wconf 87' lang='lat' dir='ltr'>edverso</span> <span class='ocrx_word' id='word_1_539' title='bbox 669 4235 782 4303; x_wconf 87' lang='lat' dir='ltr'>poteret</span> <span class='ocrx_word' id='word_1_540' title='bbox 797 4246 918 4303; x_wconf 90' lang='lat' dir='ltr'>respon·</span> <span class='ocrx_word' id='word_1_541' title='bbox 974 4233 1109 4286; x_wconf 88' lang='lat' dir='ltr'>teneatur</span> <span class='ocrx_word' id='word_1_542' title='bbox 1123 4229 1313 4296; x_wconf 76' lang='lat' dir='ltr'>allectum,&#39;si</span> <span class='ocrx_word' id='word_1_543' title='bbox 1329 4231 1513 4286; x_wconf 81' lang='lat' dir='ltr'>devotionem</span> <span class='ocrx_word' id='word_1_544' title='bbox 1529 4230 1605 4301; x_wconf 89' lang='lat' dir='ltr'>apud</span> <span class='ocrx_word' id='word_1_545' title='bbox 1622 4245 1674 4285; x_wconf 79' lang='lat' dir='ltr'>vos</span> <span class='ocrx_word' id='word_1_546' title='bbox 1685 4229 1804 4286; x_wconf 82' lang='lat' dir='ltr'>invene·</span> 
     </span>
     <span class='ocr_line' id='line_1_46' title="bbox 92 4316 1803 4393; baseline 0.003 -22"><span class='ocrx_word' id='word_1_547' title='bbox 92 4317 166 4383; x_wconf 90' lang='lat' dir='ltr'>deri,</span> <span class='ocrx_word' id='word_1_548' title='bbox 182 4318 260 4389; x_wconf 90' lang='lat' dir='ltr'>quod</span> <span class='ocrx_word' id='word_1_549' title='bbox 277 4316 319 4373; x_wconf 92' lang='lat' dir='ltr'>iili</span> <span class='ocrx_word' id='word_1_550' title='bbox 335 4318 384 4390; x_wconf 86' lang='lat' dir='ltr'>qui</span> <span class='ocrx_word' id='word_1_551' title='bbox 399 4316 585 4375; x_wconf 72' lang='lat' dir='ltr'>(tolosensem</span> <span class='ocrx_word' id='word_1_552' title='bbox 598 4318 854 4392; x_wconf 89' lang='lat' dir='ltr'>archiepiscopum</span> <span class='ocrx_word' id='word_1_553' title='bbox 870 4336 920 4393; x_wconf 92' lang='lat' dir='ltr'>po·</span> <span class='ocrx_word' id='word_1_554' title='bbox 973 4318 1013 4372; x_wconf 89' lang='lat' dir='ltr'>rit</span> <span class='ocrx_word' id='word_1_555' title='bbox 1026 4319 1156 4392; x_wconf 79' lang='lat' dir='ltr'>sslialem,</span> <span class='ocrx_word' id='word_1_556' title='bbox 1184 4325 1214 4377; x_wconf 92' lang='lat' dir='ltr'>et</span> <span class='ocrx_word' id='word_1_557' title='bbox 1228 4337 1281 4376; x_wconf 90' lang='lat' dir='ltr'>nos</span> <span class='ocrx_word' id='word_1_558' title='bbox 1296 4320 1477 4377; x_wconf 83' lang='lat' dir='ltr'>devotionem</span> <span class='ocrx_word' id='word_1_559' title='bbox 1494 4323 1621 4375; x_wconf 86' lang='lat' dir='ltr'>vestram</span> <span class='ocrx_word' id='word_1_560' title='bbox 1650 4333 1803 4376; x_wconf 88' lang='lat' dir='ltr'>commen·</span> 
     </span>
     <span class='ocr_line' id='line_1_47' title="bbox 91 4406 1348 4480; baseline 0.002 -19"><span class='ocrx_word' id='word_1_561' title='bbox 91 4407 248 4470; x_wconf 81' lang='lat' dir='ltr'>stularent,</span> <span class='ocrx_word' id='word_1_562' title='bbox 266 4407 386 4463; x_wconf 89' lang='lat' dir='ltr'>lormam</span> <span class='ocrx_word' id='word_1_563' title='bbox 402 4410 495 4464; x_wconf 90' lang='lat' dir='ltr'>secuti</span> <span class='ocrx_word' id='word_1_564' title='bbox 510 4406 626 4465; x_wconf 85' lang='lat' dir='ltr'>luerunt</span> <span class='ocrx_word' id='word_1_565' title='bbox 641 4425 693 4480; x_wconf 91' lang='lat' dir='ltr'>per</span> <span class='ocrx_word' id='word_1_566' title='bbox 708 4415 824 4466; x_wconf 84' lang='lat' dir='ltr'>nostros</span> <span class='ocrx_word' id='word_1_567' title='bbox 840 4408 917 4466; x_wconf 89' lang='lat' dir='ltr'>litte·</span> <span class='ocrx_word' id='word_1_568' title='bbox 973 4407 1043 4464; x_wconf 85' lang='lat' dir='ltr'>dere</span> <span class='ocrx_word' id='word_1_569' title='bbox 1059 4410 1162 4466; x_wconf 85' lang='lat' dir='ltr'>merito</span> <span class='ocrx_word' id='word_1_570' title='bbox 1178 4412 1348 4466; x_wconf 84' lang='lat' dir='ltr'>debeamus.</span> 
     </span>
    </p>

    <p class='ocr_par' dir='ltr' id='par_1_3' title="bbox 92 4494 1550 4569">
     <span class='ocr_line' id='line_1_48' title="bbox 92 4494 1550 4569; baseline 0.003 -20"><span class='ocrx_word' id='word_1_571' title='bbox 92 4512 139 4550; x_wconf 89' lang='lat' dir='ltr'>ras</span> <span class='ocrx_word' id='word_1_572' title='bbox 155 4494 210 4551; x_wconf 90' lang='lat' dir='ltr'>sibi</span> <span class='ocrx_word' id='word_1_573' title='bbox 235 4497 353 4564; x_wconf 87' lang='lat' dir='ltr'>datam;</span> <span class='ocrx_word' id='word_1_574' title='bbox 370 4496 523 4567; x_wconf 84' lang='lat' dir='ltr'>quonium,</span> <span class='ocrx_word' id='word_1_575' title='bbox 545 4497 705 4554; x_wconf 87' lang='lat' dir='ltr'>innitentes</span> <span class='ocrx_word' id='word_1_576' title='bbox 722 4497 914 4569; x_wconf 88' lang='lat' dir='ltr'>postulationi</span> <span class='ocrx_word' id='word_1_577' title='bbox 931 4501 954 4568; x_wconf 83' lang='lat' dir='ltr'>D</span> <span class='ocrx_word' id='word_1_578' title='bbox 1005 4496 1112 4555; x_wconf 86' lang='lat' dir='ltr'>Datum</span> <span class='ocrx_word' id='word_1_579' title='bbox 1128 4503 1236 4568; x_wconf 80' lang='lat' dir='ltr'>Rome,</span> <span class='ocrx_word' id='word_1_580' title='bbox 1254 4516 1274 4555; x_wconf 90' lang='lat' dir='ltr'>u</span> <span class='ocrx_word' id='word_1_581' title='bbox 1289 4498 1388 4555; x_wconf 90' lang='lat' dir='ltr'>Nonas</span> <span class='ocrx_word' id='word_1_582' title='bbox 1403 4496 1550 4554; x_wconf 86' lang='lat' dir='ltr'>Octobris.</span> 
     </span>
    </p>

    <p class='ocr_par' dir='ltr' id='par_1_4' title="bbox 92 4584 1471 4677">
     <span class='ocr_line' id='line_1_49' title="bbox 92 4584 1471 4677; baseline 0.004 -38"><span class='ocrx_word' id='word_1_583' title='bbox 92 4584 192 4657; x_wconf 87' lang='lat' dir='ltr'>priori,</span> <span class='ocrx_word' id='word_1_584' title='bbox 217 4586 297 4653; x_wconf 81' lang='lat' dir='ltr'>iuxta</span> <span class='ocrx_word' id='word_1_585' title='bbox 314 4592 443 4642; x_wconf 85' lang='lat' dir='ltr'>tenorem</span> <span class='ocrx_word' id='word_1_586' title='bbox 469 4587 599 4658; x_wconf 86' lang='lat' dir='ltr'>priorum</span> <span class='ocrx_word' id='word_1_587' title='bbox 625 4587 790 4644; x_wconf 89' lang='lat' dir='ltr'>litterarum</span> <span class='ocrx_word' id='word_1_588' title='bbox 803 4594 916 4645; x_wconf 84' lang='lat' dir='ltr'>nostre·</span> <span class='ocrx_word' id='word_1_589' title='bbox 1303 4605 1375 4662; x_wconf 68' lang='lat' dir='ltr'>exp,</span> <span class='ocrx_word' id='word_1_590' title='bbox 1388 4606 1471 4677; x_wconf 61' lang='lat'><strong>(591),</strong></span> 
     </span>
    </p>

    <p class='ocr_par' dir='ltr' id='par_1_5' title="bbox 91 4674 1548 4752">
     <span class='ocr_line' id='line_1_50' title="bbox 91 4674 1548 4752; baseline 0.004 -25"><span class='ocrx_word' id='word_1_591' title='bbox 91 4689 156 4727; x_wconf 89' lang='lat' dir='ltr'>rum</span> <span class='ocrx_word' id='word_1_592' title='bbox 172 4675 345 4729; x_wconf 89' lang='lat' dir='ltr'>concordem</span> <span class='ocrx_word' id='word_1_593' title='bbox 362 4674 500 4742; x_wconf 79' lang='lat' dir='ltr'>fecerant,</span> <span class='ocrx_word' id='word_1_594' title='bbox 516 4691 580 4746; x_wconf 83' lang='lat' dir='ltr'>qum</span> <span class='ocrx_word' id='word_1_595' title='bbox 595 4676 688 4732; x_wconf 88' lang='lat' dir='ltr'>lueret</span> <span class='ocrx_word' id='word_1_596' title='bbox 704 4677 786 4749; x_wconf 90' lang='lat' dir='ltr'>prins</span> <span class='ocrx_word' id='word_1_597' title='bbox 801 4676 915 4733; x_wconf 87' lang='lat' dir='ltr'>discors</span> <span class='ocrx_word' id='word_1_598' title='bbox 1218 4711 1357 4752; x_wconf 59' lang='lat' dir='ltr'>mmm</span> <span class='ocrx_word' id='word_1_599' title='bbox 1384 4710 1548 4751; x_wconf 58' lang='lat' dir='ltr'>mmm,</span> 
     </span>
    </p>
   </div>
   <div class='ocr_carea' id='block_1_3' title="bbox 86 4762 1798 5198">
    <p class='ocr_par' dir='ltr' id='par_1_6' title="bbox 88 4762 1798 4927">
     <span class='ocr_line' id='line_1_51' title="bbox 90 4762 1798 4856; baseline 0.005 -25"><span class='ocrx_word' id='word_1_600' title='bbox 90 4762 160 4815; x_wconf 72' lang='lat' dir='ltr'>(¹⁰¹ss</span> <span class='ocrx_word' id='word_1_601' title='bbox 177 4762 377 4832; x_wconf 62' lang='lat' dir='ltr'>Sufffflssisslffl</span> <span class='ocrx_word' id='word_1_602' title='bbox 392 4762 428 4817; x_wconf 91' lang='lat' dir='ltr'>ad</span> <span class='ocrx_word' id='word_1_603' title='bbox 445 4764 632 4819; x_wconf 65' lang='lat' dir='ltr'>⁰0⁰⁰⁰sdl³ffl</span> <span class='ocrx_word' id='word_1_604' title='bbox 648 4770 832 4831; x_wconf 61' lang='lat' dir='ltr'>l⁰l⁰⁰⁸¹¹l¹¹l2</span> <span class='ocrx_word' id='word_1_605' title='bbox 849 4763 914 4840; x_wconf 76' lang='lat'><strong>[¹¹⁰⁰</strong></span> <span class='ocrx_word' id='word_1_606' title='bbox 968 4783 1082 4840; x_wconf 82' lang='lat' dir='ltr'>Nullum</span> <span class='ocrx_word' id='word_1_607' title='bbox 1102 4782 1225 4856; x_wconf 81' lang='lat' dir='ltr'>ipsorum</span> <span class='ocrx_word' id='word_1_608' title='bbox 1245 4785 1419 4856; x_wconf 68' lang='lat' dir='ltr'>jusibenus</span> <span class='ocrx_word' id='word_1_609' title='bbox 1446 4783 1630 4839; x_wconf 82' lang='lat' dir='ltr'>transtatione</span> <span class='ocrx_word' id='word_1_610' title='bbox 1643 4783 1798 4856; x_wconf 74' lang='lat' dir='ltr'>archiepis·</span> 
     </span>
     <span class='ocr_line' id='line_1_52' title="bbox 88 4849 1635 4927; baseline 0.004 -23"><span class='ocrx_word' id='word_1_611' title='bbox 88 4849 203 4906; x_wconf 79' lang='lat' dir='ltr'>nocebat</span> <span class='ocrx_word' id='word_1_612' title='bbox 217 4849 290 4921; x_wconf 67' lang='lat'>(5881</span> <span class='ocrx_word' id='word_1_613' title='bbox 314 4865 414 4906; x_wconf 89' lang='lat' dir='ltr'>eorum</span> <span class='ocrx_word' id='word_1_614' title='bbox 428 4850 586 4920; x_wconf 87' lang='lat' dir='ltr'>discordia,</span> <span class='ocrx_word' id='word_1_615' title='bbox 601 4854 653 4924; x_wconf 88' lang='lat' dir='ltr'>qul</span> <span class='ocrx_word' id='word_1_616' title='bbox 676 4853 766 4910; x_wconf 87' lang='lat' dir='ltr'>alium</span> <span class='ocrx_word' id='word_1_617' title='bbox 783 4854 913 4926; x_wconf 87' lang='lat' dir='ltr'>postula·</span> <span class='ocrx_word' id='word_1_618' title='bbox 1126 4858 1212 4926; x_wconf 78' lang='lat' dir='ltr'>eropi.</span> <span class='ocrx_word' id='word_1_619' title='bbox 1228 4857 1362 4912; x_wconf 76' lang='lat' dir='ltr'>domnum</span> <span class='ocrx_word' id='word_1_620' title='bbox 1381 4856 1482 4927; x_wconf 73' lang='lat' dir='ltr'>inferre</span> <span class='ocrx_word' id='word_1_621' title='bbox 1497 4856 1635 4912; x_wconf 82' lang='lat' dir='ltr'>declaret.</span> 
     </span>
    </p>

    <p class='ocr_par' dir='ltr' id='par_1_7' title="bbox 89 4937 1585 5017">
     <span class='ocr_line' id='line_1_53' title="bbox 89 4937 1585 5017; baseline 0.005 -24"><span class='ocrx_word' id='word_1_622' title='bbox 89 4946 166 5006; x_wconf 91' lang='lat' dir='ltr'>rant,</span> <span class='ocrx_word' id='word_1_623' title='bbox 182 4954 249 4993; x_wconf 88' lang='lat' dir='ltr'>cum</span> <span class='ocrx_word' id='word_1_624' title='bbox 266 4937 347 5010; x_wconf 86' lang='lat' dir='ltr'>prius</span> <span class='ocrx_word' id='word_1_625' title='bbox 362 4938 391 4993; x_wconf 92' lang='lat' dir='ltr'>io</span> <span class='ocrx_word' id='word_1_626' title='bbox 417 4938 613 5010; x_wconf 87' lang='lat' dir='ltr'>postulatione</span> <span class='ocrx_word' id='word_1_627' title='bbox 634 4940 846 5015; x_wconf 84' lang='lat' dir='ltr'>archiepiscopi</span> <span class='ocrx_word' id='word_1_628' title='bbox 863 4959 912 4999; x_wconf 89' lang='lat' dir='ltr'>su·</span> <span class='ocrx_word' id='word_1_629' title='bbox 1175 4946 1325 5017; x_wconf 58' lang='lat' dir='ltr'>(Romanu</span> <span class='ocrx_word' id='word_1_630' title='bbox 1342 4945 1414 5000; x_wconf 90' lang='lat' dir='ltr'>ldus</span> <span class='ocrx_word' id='word_1_631' title='bbox 1428 4943 1585 5016; x_wconf 88' lang='lat' dir='ltr'>Octobris.)</span> 
     </span>
    </p>

    <p class='ocr_par' dir='ltr' id='par_1_8' title="bbox 86 5026 1798 5198">
     <span class='ocr_line' id='line_1_54' title="bbox 88 5026 1798 5107; baseline 0.004 -25"><span class='ocrx_word' id='word_1_632' title='bbox 88 5029 213 5100; x_wconf 82' lang='lat' dir='ltr'>predicti</span> <span class='ocrx_word' id='word_1_633' title='bbox 238 5026 449 5084; x_wconf 87' lang='lat' dir='ltr'>convenissetis</span> <span class='ocrx_word' id='word_1_634' title='bbox 464 5029 573 5099; x_wconf 89' lang='lat' dir='ltr'>pariter</span> <span class='ocrx_word' id='word_1_635' title='bbox 588 5029 727 5100; x_wconf 87' lang='lat' dir='ltr'>universi,</span> <span class='ocrx_word' id='word_1_636' title='bbox 743 5035 772 5088; x_wconf 94' lang='lat' dir='ltr'>et</span> <span class='ocrx_word' id='word_1_637' title='bbox 785 5048 912 5089; x_wconf 89' lang='lat' dir='ltr'>consen·</span> <span class='ocrx_word' id='word_1_638' title='bbox 1003 5035 1082 5091; x_wconf 82' lang='lat' dir='ltr'>Licet</span> <span class='ocrx_word' id='word_1_639' title='bbox 1096 5033 1351 5107; x_wconf 87' lang='lat' dir='ltr'>archiepiscopum</span> <span class='ocrx_word' id='word_1_640' title='bbox 1367 5038 1496 5088; x_wconf 82' lang='lat' dir='ltr'>vestrum</span> <span class='ocrx_word' id='word_1_641' title='bbox 1513 5033 1548 5087; x_wconf 89' lang='lat' dir='ltr'>ad</span> <span class='ocrx_word' id='word_1_642' title='bbox 1565 5030 1798 5104; x_wconf 80' lang='lat' dir='ltr'>strigoniensem</span> 
     </span>
     <span class='ocr_line' id='line_1_55' title="bbox 86 5116 1796 5198; baseline 0.004 -27"><span class='ocrx_word' id='word_1_643' title='bbox 86 5116 910 5192; x_wconf 81' lang='lat' dir='ltr'>sumvestrum,ednotetumlitteris,etsubscriptionibus</span> <span class='ocrx_word' id='word_1_644' title='bbox 965 5123 1162 5196; x_wconf 91' lang='lat' dir='ltr'>metropolim,</span> <span class='ocrx_word' id='word_1_645' title='bbox 1178 5122 1502 5198; x_wconf 82' lang='lat' dir='ltr'>exigentenecessitete,</span> <span class='ocrx_word' id='word_1_646' title='bbox 1513 5120 1796 5179; x_wconf 83' lang='lat' dir='ltr'>duxerimustrsus·</span> 
     </span>
    </p>
   </div>
   <div class='ocr_carea' id='block_1_4' title="bbox 83 5203 1793 5283">
    <p class='ocr_par' dir='ltr' id='par_1_9' title="bbox 83 5203 1793 5283">
     <span class='ocr_line' id='line_1_56' title="bbox 83 5203 1793 5283; baseline 0.004 -22"><span class='ocrx_word' id='word_1_647' title='bbox 83 5205 211 5278; x_wconf 90' lang='lat' dir='ltr'>propriis</span> <span class='ocrx_word' id='word_1_648' title='bbox 227 5205 408 5271; x_wconf 82' lang='lat' dir='ltr'>roboratum,</span> <span class='ocrx_word' id='word_1_649' title='bbox 420 5203 569 5278; x_wconf 88' lang='lat' dir='ltr'>petissetis</span> <span class='ocrx_word' id='word_1_650' title='bbox 584 5223 601 5263; x_wconf 92' lang='lat' dir='ltr'>a</span> <span class='ocrx_word' id='word_1_651' title='bbox 616 5206 702 5264; x_wconf 89' lang='lat' dir='ltr'>nobis</span> <span class='ocrx_word' id='word_1_652' title='bbox 716 5223 769 5282; x_wconf 92' lang='lat' dir='ltr'>per</span> <span class='ocrx_word' id='word_1_653' title='bbox 778 5223 910 5266; x_wconf 90' lang='lat' dir='ltr'>commu·</span> <span class='ocrx_word' id='word_1_654' title='bbox 963 5210 1128 5283; x_wconf 73' lang='lat' dir='ltr'>lamudam,</span> <span class='ocrx_word' id='word_1_655' title='bbox 1155 5213 1294 5271; x_wconf 89' lang='lat' dir='ltr'>nolumus</span> <span class='ocrx_word' id='word_1_656' title='bbox 1309 5218 1419 5283; x_wconf 69' lang='lat' dir='ltr'>umen,</span> <span class='ocrx_word' id='word_1_657' title='bbox 1441 5216 1474 5267; x_wconf 91' lang='lat' dir='ltr'>ot</span> <span class='ocrx_word' id='word_1_658' title='bbox 1489 5226 1542 5282; x_wconf 88' lang='lat' dir='ltr'>per</span> <span class='ocrx_word' id='word_1_659' title='bbox 1564 5208 1793 5269; x_wconf 78' lang='lat' dir='ltr'>translationem</span> 
     </span>
    </p>
   </div>
   <div class='ocr_carea' id='block_1_5' title="bbox 123 5453 1792 5674">
    <p class='ocr_par' dir='ltr' id='par_1_10' title="bbox 123 5453 1792 5674">
     <span class='ocr_line' id='line_1_57' title="bbox 125 5453 1403 5530; baseline 0.004 -19"><span class='ocrx_word' id='word_1_660' title='bbox 125 5456 188 5528; x_wconf 82' lang='lat'><strong>587)</strong></span> <span class='ocrx_word' id='word_1_661' title='bbox 203 5455 355 5521; x_wconf 77' lang='lat' dir='ltr'>Demetai..</span> <span class='ocrx_word' id='word_1_662' title='bbox 372 5453 525 5523; x_wconf 80' lang='lat' dir='ltr'>colocensi,</span> <span class='ocrx_word' id='word_1_663' title='bbox 542 5474 594 5530; x_wconf 88' lang='lat' dir='ltr'>pro</span> <span class='ocrx_word' id='word_1_664' title='bbox 605 5474 649 5516; x_wconf 81' lang='lat' dir='ltr'>cr.</span> <span class='ocrx_word' id='word_1_665' title='bbox 666 5459 724 5517; x_wconf 80' lang='lat' dir='ltr'>Coi.</span> <span class='ocrx_word' id='word_1_666' title='bbox 1006 5458 1070 5528; x_wconf 78' lang='lat'><strong>590)</strong></span> <span class='ocrx_word' id='word_1_667' title='bbox 1086 5456 1241 5522; x_wconf 76' lang='lat' dir='ltr'>venustat..</span> <span class='ocrx_word' id='word_1_668' title='bbox 1255 5456 1403 5516; x_wconf 78' lang='lat' dir='ltr'>accederet.</span> 
     </span>
     <span class='ocr_line' id='line_1_58' title="bbox 124 5527 1792 5658; baseline 0.004 -74"><span class='ocrx_word' id='word_1_669' title='bbox 124 5529 190 5615; x_wconf 49' lang='lat'><strong>588)</strong></span> <span class='ocrx_word' id='word_1_670' title='bbox 206 5527 357 5609; x_wconf 67' lang='lat' dir='ltr'>Decretal„</span> <span class='ocrx_word' id='word_1_671' title='bbox 372 5529 524 5612; x_wconf 36' lang='lat' dir='ltr'>ocemont..</span> <span class='ocrx_word' id='word_1_672' title='bbox 1005 5528 1239 5658; x_wconf 56' lang='lat' dir='ltr'>⁵⁹¹&#39;2fissi⁸t⁰¹⁸¹⁰</span> <span class='ocrx_word' id='word_1_673' title='bbox 1263 5529 1340 5585; x_wconf 88' lang='lat' dir='ltr'>banc</span> <span class='ocrx_word' id='word_1_674' title='bbox 1364 5529 1468 5587; x_wconf 87' lang='lat' dir='ltr'>laudat</span> <span class='ocrx_word' id='word_1_675' title='bbox 1480 5529 1663 5604; x_wconf 63' lang='lat' dir='ltr'>Rasnaldns,</span> <span class='ocrx_word' id='word_1_676' title='bbox 1678 5532 1717 5590; x_wconf 82' lang='lat' dir='ltr'>ad</span> <span class='ocrx_word' id='word_1_677' title='bbox 1731 5548 1792 5590; x_wconf 80' lang='lat' dir='ltr'>sn·</span> 
     </span>
     <span class='ocr_line' id='line_1_59' title="bbox 123 5598 1220 5674; baseline 0.002 -18"><span class='ocrx_word' id='word_1_678' title='bbox 123 5601 186 5673; x_wconf 76' lang='lat'>089)</span> <span class='ocrx_word' id='word_1_679' title='bbox 201 5600 253 5656; x_wconf 84' lang='lat' dir='ltr'>llio</span> <span class='ocrx_word' id='word_1_680' title='bbox 268 5598 410 5656; x_wconf 85' lang='lat' dir='ltr'>Decretal.</span> <span class='ocrx_word' id='word_1_681' title='bbox 427 5600 495 5658; x_wconf 89' lang='lat' dir='ltr'>add.</span> <span class='ocrx_word' id='word_1_682' title='bbox 511 5606 619 5674; x_wconf 77' lang='lat' dir='ltr'>stoque.</span> <span class='ocrx_word' id='word_1_683' title='bbox 962 5605 1064 5661; x_wconf 88' lang='lat' dir='ltr'>nnml</span> <span class='ocrx_word' id='word_1_684' title='bbox 1123 5601 1220 5671; x_wconf 57' lang='lat' dir='ltr'>,55st</span> 
     </span>
    </p>
   </div>
   <div class='ocr_carea' id='block_1_6' title="bbox 0 0 1894 6000">
    <p class='ocr_par' dir='ltr' id='par_1_11' title="bbox 0 0 1894 6000">
     <span class='ocr_line' id='line_1_60' title="bbox 0 0 1894 6000; baseline 0 3"><span class='ocrx_word' id='word_1_685' title='bbox 0 0 1894 6000; x_wconf 95' lang='lat' dir='ltr'> </span> 
     </span>
    </p>
   </div>
  </div>
 </body>
</html>
