3780 6000
106 214 175 271 1383

105 441 328 485 consumsisset
342 439 492 480 damnate
507 435 644 478 ultimus
659 435 693 474 ΕΤ
704 433 858 477 sortiamus
872 432 930 471 ΤΑΙ

140 532 276 575 cremante
297 528 479 578 Quinetiam
500 525 696 577 ehamensis,
718 524 752 563 BT
775 520 929 563 noeturnae

139 623 213 663 VIRIS
228 621 255 660 V.
271 621 305 660 DE
329 615 566 659 sanctoninus
581 613 698 656 nostiam
721 612 808 652 sunm
824 611 929 652 aesta·

139 711 248 752 neuere.

108 804 141 862 lle
156 809 286 860 concerta
309 798 424 857 seruitia
435 795 599 869 impendant
618 794 747 851 Ecclesiae
762 791 926 849 Arelatensi.

318 903 477 979 (Laterani,
492 920 521 960 ιιι
536 904 610 960 Non.
626 901 713 973 Maii.)

140 1015 171 1073 Si
187 1030 275 1088 quam
301 1029 390 1070 suave
403 1013 441 1068 eit
451 1012 559 1083 jugum
575 1013 603 1064 et
617 1006 679 1064 leve
703 1023 778 1063 onus
793 1003 927 1062 Ecclesia

104 1103 339 1173 nosceretie,non
352 1100 520 1175 quaereretis
531 1097 633 1172 utique
647 1114 697 1153 voe
713 1097 749 1153 ab
765 1096 830 1167 ejus
846 1095 927 1166 inge-

103 1211 164 1251 nua
177 1192 359 1264 subjectione
368 1189 540 1248 subtrahere
551 1188 661 1259 ecjugo
672 1184 821 1242 servitutis
831 1187 928 1240 extra-

102 1300 163 1341 nea
178 1281 271 1339 libera
285 1279 361 1337 colla
376 1280 455 1336 dare.
476 1276 651 1350 Accepimus
667 1274 824 1347 siquidem,
841 1286 927 1329 vane·

103 1371 190 1430 rabili
206 1372 294 1427 iratre
314 1375 417 1426 nostro
438 1365 601 1424 Arelatensi
616 1363 835 1436 archiepiscopo
856 1360 926 1416 inti·

104 1466 215 1528 manta,
230 1460 306 1532 quod
322 1475 390 1515 cum
406 1454 571 1513 arelatensi
585 1453 722 1511 iicolesiae
738 1449 928 1525 singulariter

103 1550 244 1608 fidelitate
254 1564 287 1605 ac
298 1544 541 1604 dominioeseetie
552 1543 675 1611 astricti,
687 1540 928 1612 occasiouejura·

103 1638 279 1712 mentiquod
296 1626 924 1702 nobilivirocomitiProvinciapreetitistis,

101 1719 925 1803 graviterlesiatieeamdem,salvariam,vermellariam,

100 1822 130 1875 et
144 1816 278 1890 quedam
294 1813 352 1871 alia
366 1813 397 1868 in
412 1809 576 1868 Arelatensi
591 1809 707 1866 civitate
731 1808 925 1865 concedentes

99 1906 195 1965 eidem
211 1904 241 1960 in
257 1921 315 1961 non
331 1902 478 1959 modicum
488 1900 553 1972 eJ'us
565 1898 769 1973 prejudicium
782 1901 811 1954 et
821 1912 925 1970 grava·

100 2012 180 2068 mea,
206 1997 236 2050 ot
255 1993 329 2050 alias
353 1992 389 2048 ad
413 1995 493 2048 certa
506 2006 558 2046 voe
575 1989 601 2045 ei
626 1987 744 2045 servitia
760 1985 924 2057 obligantes

99 2101 163 2158 que
178 2083 243 2140 aine
258 2083 370 2138 lactura
381 2080 459 2150 juris
475 2078 569 2152 ipsius
585 2076 725 2147 ecclesie,
749 2092 812 2147 que
828 2078 925 2130 vestra

98 2178 144 2232 eet
157 2173 277 2230 domina
292 2168 476 2244 principalis,
492 2166 535 2222 illi
550 2165 696 2223 exsolvere
713 2181 773 2221 non
790 2163 923 2236 potestis.

96 2263 169 2320 Cum
186 2261 275 2332 igitur
294 2260 494 2331 jocamentum
511 2271 568 2311 nou
584 2254 623 2311 sit
637 2254 673 2310 ed
697 2252 850 2309 vinculum
865 2250 924 2307 iui-

97 2350 389 2422 quitatisinventum,
400 2344 757 2402 universitetomveetram
769 2356 924 2397 monemus

97 2439 240 2497 attentius
255 2441 284 2494 et
300 2439 464 2500 hortamur,
481 2450 531 2506 per
545 2431 707 2505 apostolica
722 2430 804 2486 uobis
816 2428 924 2501 scripta

98 2528 273 2585 mandantes
284 2530 432 2599 quatenus
440 2524 611 2594 juramento
622 2519 793 2592 hujusmodi
802 2534 859 2574 nou
871 2518 922 2574 ob·

98 2622 207 2686 stante,
225 2616 316 2689 quod,
330 2615 360 2671 ia
375 2615 519 2686 quantum
531 2628 582 2684 per
593 2609 666 2666 illud
678 2607 876 2666 ecclesiastica
885 2607 923 2663 li·

96 2707 196 2764 bertus
211 2704 382 2775 ollanditur,
399 2704 527 2773 nonest,
544 2704 576 2756 ut
591 2699 741 2767 illicitum,
761 2698 922 2755 observan-

98 2796 183 2867 dum,
193 2792 336 2867 quidquid
351 2809 440 2864 super
450 2791 673 2847 iisindamnum
684 2786 862 2844 Arelatensis
872 2786 923 2842 itc-

97 2885 193 2944 clauim
209 2884 296 2940 luerit
307 2884 482 2939 attentatum
494 2878 599 2935 inutile
611 2882 788 2949 reputantes,
802 2876 922 2948 prelato

96 2973 318 3047 archiepiscopo
342 2978 368 3026 et
384 2969 513 3027 ecclesie
529 2985 590 3026 eure
611 2967 710 3024 debita
729 2970 759 3022 et
781 2968 923 3022 consueta

94 3063 216 3121 servitia
240 3060 429 3134 impendatis,
450 3059 518 3129 jura
531 3073 594 3130 quos
609 3055 640 3112 in
655 3055 737 3112 vobis
760 3058 789 3110 et
804 3053 921 3110 ciuitate
936 3070 958 3139 c

93 3156 192 3209 vestra
207 3150 321 3207 obtinet
336 3149 372 3205 ad
388 3146 479 3204 alium
495 3147 604 3218 injuste
621 3145 779 3202 transferre
794 3142 919 3200 nullate·

94 3257 152 3298 nus
164 3242 386 3312 presumentes.

129 3335 235 3386 Datum
263 3327 407 3397 Laterani,
421 3342 450 3381 vr
465 3325 540 3383 Nou.
555 3323 636 3396 Maii,
652 3340 729 3381 anuo
752 3321 917 3379 undecimo.

444 3430 568 3488 LXVllt.

287 3538 456 3580 apameensi
486 3535 718 3577 necessarscoro.

37 3596 41 3602 ¹
91 3614 280 3685 conluantur
294 3613 322 3669 ei
341 3611 519 3684 priuiteolum
535 3610 571 3666 de
586 3627 643 3665 non
663 3607 803 3667 soluendis
816 3625 915 3682 procu-

335 3683 488 3740 rationibus
503 3683 671 3754 lecatorum.

389 3772 473 3844 (Data
493 3771 619 3841 eadem.)

127 3862 205 3921 Licet
213 3880 265 3937 per
274 3861 468 3935 apostolicum
480 3860 666 3934 privilegium
676 3858 871 3915 sitindultum
883 3863 916 3915 ut

90 3952 165 4011 nulli
180 3969 301 4027 prorsus
316 3951 424 4023 legato,
438 3950 495 4006 nisi
510 3949 535 4006 ei
548 3953 662 4005 motum
678 3949 729 4021 qui
744 3950 780 4006 de
790 3952 914 4006 Romani

91 4043 239 4118 pontilicis
254 4042 345 4099 latere
358 4040 447 4098 luerit
461 4039 637 4108 destinatus,
654 4037 834 4095 Arelatensis
850 4054 915 4110 pro·

87 4133 185 4191 vincia
199 4133 238 4190 sit
262 4131 405 4202 subjecta,
422 4128 492 4203 quia
515 4131 614 4185 maren
639 4127 675 4183 ad
699 4127 913 4184 eliminandam

87 4222 254 4280 hereticam
262 4221 437 4296 pravitatem
444 4217 590 4276 etrahiem
599 4215 760 4274 sedandam
778 4217 912 4274 hostilem

86 4313 121 4370 ad
146 4317 244 4386 partes
267 4309 334 4368 illas
360 4310 472 4384 legatos
497 4305 661 4364 necessario
686 4307 911 4374 destinavimus,

85 4400 371 4475 quihustevolumus
382 4399 543 4473 prudenter
551 4397 688 4454 assistere
702 4412 736 4452 ac
752 4393 913 4452 liberaliter

85 4492 248 4563 providere,
266 4489 438 4546 auctoritate
453 4487 507 4544 tibi
518 4485 706 4559 praesentium
716 4502 911 4559 praecavemus

86 4582 121 4634 ut
136 4595 187 4651 per
211 4578 352 4650 obsequia
369 4581 488 4649 propter
511 4576 717 4633 necessitatem
737 4573 911 4647 hujusmodi

86 4666 235 4740 praedictie
259 4665 363 4739 legatis
379 4663 639 4736 impersonalium
654 4663 709 4719 tibi
725 4663 769 4720 uel
785 4662 912 4719 eccleaiae

89 4760 145 4812 tua
161 4753 366 4827 prejudicium
380 4757 547 4826 generetur.

119 4845 192 4901 Data
208 4843 322 4900 cadem.

448 4929 547 4988 LXIX.

119 5039 217 5080 asenna
231 5037 327 5079 sanam
351 5036 503 5077 uncaaaars
518 5033 726 5076 casraaarenars
748 5034 873 5076 oaururs.

112 5116 152 5169 De
167 5111 316 5185 hospitalis
330 5109 451 5184 Spiritus
464 5114 493 5166 in
509 5107 618 5165 dioeceai
642 5107 882 5165 lietbereladenei.

310 5217 466 5291 (Laterani,
481 5235 502 5273 u
517 5215 580 5272 ilai.
595 5213 684 5286 Maii.)

118 5329 151 5384 ln
164 5330 265 5383 nostra
277 5327 431 5398 praesentia
441 5323 621 5382 constitutus
632 5321 757 5378 dilectus
766 5321 846 5380 lilius
858 5341 910 5382 no·

79 5415 149 5472 bilis
164 5416 207 5472 air
227 5430 325 5472 comes
341 5417 376 5471 de
391 5415 595 5486 Blancoburgo
610 5411 714 5468 devota
736 5410 822 5470 nobie
838 5413 910 5472 inei·

115 5543 172 5615 (25)
188 5541 260 5598 Vide
277 5541 326 5597 lib.
343 5560 370 5609 a,
387 5540 473 5614 epist.
490 5540 552 5597 (79.

576 205 785 263 mnoonurn
802 204 843 259 ιιι
861 204 915 258 as.
936 198 1181 259 seaaerosun
1199 199 1265 253 me.
1286 188 1336 255 ιιι.

942 330 970 397 Α
986 322 1126 381 nuatione
1140 322 1317 380 monstrauit
1332 322 1412 394 quod
1426 320 1556 378 ferventi
1572 317 1741 378 voluntate
1753 321 1816 377 deei-

1762 166 1845 253 aa·

984 415 1067 471 derat
1083 419 1115 469 ut
1125 413 1211 485 juxta
1226 412 1439 469 monasterium
1455 416 1545 469 tuum
1561 412 1602 468 de
1617 409 1710 466 bonis
1724 409 1812 468 suisio

983 503 1093 561 honore
1107 502 1200 560 sancti
1209 501 1336 575 Spiritus
1346 505 1543 560 construatur
1552 501 1593 558 ad
1606 499 1812 572 opueinlirmo

983 610 1049 651 rum
1064 597 1093 650 et
1106 607 1269 667 pauperum
1285 590 1440 664 hospitale,
1453 592 1560 648 decem
1577 595 1612 648 et
1623 594 1694 647 octo
1705 606 1810 647 maneos
1848 585 1849 592 ’

983 683 1099 756 optima
1115 681 1237 739 terrain
1247 680 1421 755 lilikeetorp,
1434 681 1590 737 decimam
1605 680 1734 753 insuper
1746 680 1811 751 ejus

983 772 1050 828 dem
1065 771 1132 840 loci,
1156 787 1246 844 quam
1267 771 1376 828 ibidem
1391 787 1408 827 a
1422 770 1594 827 venerabili
1613 770 1710 826 iratra
1724 775 1808 826 noalm

984 860 1219 919 lIalberetadensi
1231 860 1366 933 episcopo
1380 864 1478 917 tenere
1495 859 1710 934 dignoscitur,
1724 859 1748 914 ai
1757 859 1807 915 deri

983 955 1092 1024 potest,
1109 967 1176 1008 cum
1192 950 1322 1025 episcopi
1339 951 1472 1022 ejusdem
1489 966 1632 1007 assensu
1650 948 1697 1006 vet
1710 949 1804 1006 extima

982 1041 1061 1098 tione
1076 1057 1128 1113 pro
1147 1040 1220 1114 ipsa,
1237 1045 1355 1098 centum
1379 1040 1521 1097 marchae
1538 1038 1668 1113 argenti
1697 1039 1733 1095 ad
1745 1048 1807 1095 etra-

982 1134 1096 1188 cturam
1111 1129 1267 1203 hospitalia
1280 1130 1374 1203 ipsine
1388 1129 1474 1186 nobie
1491 1128 1666 1186 humiliter
1680 1129 1807 1186 offerendo

983 1218 1137 1292 postulans
1152 1219 1346 1276 nihilominus
1361 1224 1394 1275 ut
1406 1217 1557 1291 hospitale
1571 1219 1684 1292 ipsum
1699 1235 1753 1275 non
1765 1236 1806 1277 suo

982 1310 1033 1365 sed
1049 1313 1149 1365 noetro
1165 1308 1284 1365 nomine
1299 1308 1430 1365 construi
1451 1307 1646 1364 laceremus.
1663 1308 1722 1365 Noe
1736 1308 1807 1381 igitar

981 1398 1143 1471 ejuspiam
1158 1396 1343 1470 propositum
1359 1396 1390 1453 io
1405 1396 1534 1454 Domino
1555 1399 1805 1468 commendantes,

981 1488 1081 1559 adjus
1096 1490 1125 1543 et
1147 1491 1322 1560 potestatem
1338 1487 1474 1543 Romana
1490 1487 1645 1544 Ecclesiae
1665 1504 1700 1544 ac
1715 1487 1804 1543 utilita-

981 1585 1040 1636 tem
1056 1579 1148 1635 eancti
1169 1577 1295 1652 Spiritus
1311 1577 1340 1634 in
1357 1577 1444 1634 Saxia
1467 1578 1540 1650 (25),
1558 1578 1615 1634 cui
1632 1579 1702 1635 duaa
1723 1595 1805 1635 marra

941 1705 965 1773 B
981 1666 1047 1741 puri
1062 1667 1423 1741 argentinomineceneue,
1437 1683 1528 1740 quem
1542 1684 1654 1726 comes
1665 1670 1804 1725 coustituit

980 1761 1171 1825 memoratus,
1183 1756 1269 1813 annia
1280 1754 1645 1829 singulispereolventur,
1656 1758 1805 1830 recepimus

979 1845 1089 1902 donum
1112 1847 1187 1918 ejus.
1204 1845 1242 1902 Ut
1266 1849 1364 1903 autem
1380 1845 1500 1903 comitis
1525 1847 1675 1919 ejusdem
1698 1847 1805 1904 intentio

979 1951 1030 2007 per
1045 1940 1127 1991 tuam
1142 1934 1370 1992 sollicitudinem
1382 1934 1517 1992 debitum
1528 1938 1805 2010 consequatureda·

979 2029 1069 2096 ctum,
1078 2024 1109 2081 in
1121 2025 1264 2100 hacparte
1272 2025 1500 2083 committendae
1511 2027 1571 2084 tibi
1584 2029 1734 2085 duximus
1743 2029 1804 2084 viere

979 2115 1262 2181 nostras,devotioni
1272 2120 1330 2172 tuas
1340 2116 1528 2190 presentium
1542 2117 1729 2175 auctoritate
1739 2135 1805 2174 man·

978 2205 1081 2262 dantes
1097 2209 1244 2277 quatenus
1260 2205 1466 2278 praedictorum
1482 2206 1629 2263 omnium
1646 2212 1751 2264 nostro
1763 2223 1803 2263 ao·

979 2293 1057 2349 ruine
1072 2293 1289 2367 possessionem
1303 2294 1525 2367 apprehendere
1536 2296 1672 2353 studeas
1682 2313 1804 2370 corpora·

978 2381 1047 2449 lem,
1060 2386 1088 2439 et
1100 2381 1131 2439 in
1142 2383 1280 2455 predicto
1294 2382 1357 2440 loco
1369 2383 1406 2440 ad
1417 2399 1493 2455 opus
1504 2387 1724 2444 tantummodo
1734 2386 1805 2442 inlir·

978 2487 1092 2529 morum
1103 2477 1133 2529 et
1143 2488 1307 2546 pauperum
1319 2473 1550 2531 construilaciae
1562 2475 1732 2548 hospitale,
1742 2475 1802 2532 Can

977 2568 1077 2619 autem
1093 2566 1297 2620 constructum
1313 2563 1401 2620 luerit
1414 2567 1443 2619 et
1463 2580 1602 2637 congrua
1617 2566 1805 2633 ordinatam,

978 2653 1117 2710 universa
1138 2653 1223 2710 nobis
1244 2670 1295 2726 per
1307 2658 1374 2710 tuae
1389 2653 1503 2710 litterae
1520 2654 1658 2712 fideliter
1681 2657 1806 2714 intimare

978 2757 1135 2813 procuree;
1151 2745 1184 2798 ut
1199 2742 1305 2799 deloco
1315 2743 1378 2814 ipso
1393 2745 1480 2816 prout
1490 2743 1633 2815 expedire
1654 2745 1806 2803 viderimus

980 2831 1325 2904 disponentes,eamdem
1339 2831 1449 2889 nostrie
1459 2831 1630 2904 privilegiis
1642 2836 1806 2893 muniamus

1012 2919 1118 2976 Datum
1133 2920 1281 2992 Laterani,
1297 2937 1318 2977 ιι
1333 2921 1394 2977 Kal.
1411 2920 1491 2990 Maii,
1506 2938 1591 2979 anno
1607 2925 1778 2983 undecimo.

1345 3062 1430 3120 LXX.

1188 3168 1589 3212 ancarrrrscononaaoneusr.

1127 3248 1286 3307 demittitur
1299 3252 1327 3307 ei
1341 3250 1482 3308 ureaaotic
1496 3252 1657 3311 adulterii.

1188 3338 1348 3411 (Laterani,
1362 3357 1393 3397 vr
1412 3341 1476 3398 Kal.
1493 3341 1590 3415 Maii.)

1007 3455 1063 3528 (26)
1074 3453 1279 3512 Intelleximus
1291 3459 1351 3513 tam
1367 3473 1418 3529 per
1432 3457 1546 3515 litterae
1557 3463 1746 3520 venerabilia
1756 3463 1801 3519 ira

971 3543 1026 3600 tris
1043 3544 1136 3601 nostri
1161 3544 1342 3602 Pictaveasie
1357 3545 1486 3619 episcopi
1503 3563 1599 3620 quam
1615 3567 1675 3624 per
1696 3568 1732 3610 aa
1746 3568 1799 3625 qua

971 3649 1068 3710 coram
1084 3632 1189 3690 dilecto
1206 3633 1267 3690 filio
1281 3634 1396 3691 Andros
1408 3634 1592 3695 subdiacono
1608 3644 1642 3696 et
1657 3641 1798 3714 capellano

972 3727 1081 3792 nostro,
1098 3738 1188 3795 super
1200 3722 1255 3779 hoc
1269 3723 1404 3780 auditore
1418 3740 1570 3792 concesso,
1580 3731 1742 3803 proposita
1755 3744 1797 3803 pra

970 3812 1105 3886 partibus
1121 3812 1296 3868 exstiterunt
1310 3813 1389 3885 quod
1405 3830 1471 3870 cum
1488 3817 1516 3870 S.
1533 3813 1637 3874 laicus
1653 3818 1795 3876 Elisabeth

907 3949 913 3963 .
970 3918 1090 3959 uxorem
1105 3918 1190 3958 suam
1205 3918 1222 3958 a
1236 3902 1363 3959 maritali
1373 3905 1520 3960 consortio
1530 3907 1600 3964 sina
1610 3924 1710 3966 causa
1724 3909 1798 3967 ratio

973 3990 1323 4064 nabilidepulisset,idem
1336 3992 1492 4067 epiecopus
1502 3993 1700 4056 dioecesaaua
1709 4015 1796 4057 eoram

969 4080 1092 4137 audiena
1108 4080 1264 4138 mulierem
1278 4080 1411 4139 eamdem
1426 4099 1493 4140 cum
1517 4086 1658 4157 quodam
1674 4089 1795 4146 adultere

967 4169 1117 4236 fornicari,
1133 4186 1198 4225 eam
1214 4174 1244 4226 et
1258 4168 1342 4227 illum
1353 4170 1471 4230 vinculo
1482 4178 1795 4236 excommunicationis

967 4257 1114 4314 astrinxit.
1130 4260 1199 4323 Qum
1215 4259 1332 4315 tandem
1347 4275 1415 4317 eum
1430 4261 1481 4333 qui
1496 4262 1662 4323 dicebatur
1676 4268 1797 4339 eiusad·

966 4347 1043 4404 ulter
1058 4347 1212 4419 abjurans,
1223 4347 1410 4406 absolutione
1419 4355 1535 4425 recepta
1545 4368 1654 4412 coram
1666 4358 1796 4431 episeopo

926 4448 950 4514 1)
968 4441 1142 4506 memorato,
1153 4437 1326 4510 preadictum
1336 4439 1428 4496 virum
1438 4440 1493 4496 sibi
1506 4442 1627 4499 restitui
1642 4446 1797 4517 postularit

904 4574 910 4587 ,
968 4531 1005 4582 at
1019 4526 1068 4583 ille
1083 4526 1255 4598 hujusmodi
1271 4527 1297 4583 ai
1312 4527 1456 4600 objiciens
1471 4529 1673 4604 adulterium,
1693 4537 1729 4593 de
1743 4551 1795 4609 quo

968 4614 1080 4688 prolem
1095 4615 1234 4686 genuisse
1250 4616 1367 4673 dicebat
1378 4616 1524 4690 eamdem,
1539 4624 1570 4676 et
1583 4624 1670 4693 quod
1686 4626 1724 4683 ab
1739 4625 1796 4697 ipsc

966 4720 1024 4760 aon
1046 4701 1172 4774 expulsa
1199 4705 1250 4760 sed
1274 4709 1438 4777 spontanea
1461 4711 1602 4777 recesset,
1632 4713 1795 4770 restitutio·

967 4807 1034 4848 nem
1050 4790 1096 4848 eui
1112 4792 1265 4864 proposuit
1275 4793 1302 4849 ei
1315 4795 1514 4852 essemiaime
1524 4796 1711 4874 taciendam,
1722 4800 1794 4875 quod

967 4880 1073 4937 mulier
1097 4886 1260 4939 memorata
1275 4899 1396 4956 prorsus
1419 4883 1566 4955 inliciens,
1584 4888 1757 4961 replicabat
1769 4891 1795 4946 ia

966 4970 1064 5042 ipsum
1078 4970 1154 5042 quod
1169 4969 1264 5027 luerat
1273 4971 1446 5044 fornicatus,
1457 4978 1487 5031 et
1496 4973 1532 5031 de
1542 4973 1748 5038 fornicatione
1757 4995 1797 5037 ao

965 5058 1061 5115 bolam
1078 5064 1256 5131 procrearat,
1273 5063 1484 5135 propterquod
1499 5063 1551 5120 tali
1567 5069 1750 5140 exceptione
1759 5065 1797 5125 ati

964 5166 1023 5205 non
1041 5152 1154 5220 poterat
1165 5151 1384 5224 coutraipeam.
1395 5151 1575 5212 Cumautem
1588 5157 1715 5232 utrique
1725 5159 1796 5233 parti

964 5237 1108 5312 probandi
1132 5238 1194 5294 haeo
1208 5238 1349 5296 laenitate
1373 5256 1522 5312 concessa,
1538 5246 1668 5316 prelata
1692 5249 1797 5305 mulier

963 5342 1016 5398 per
1029 5325 1175 5398 quosdam
1188 5330 1276 5383 testes
1286 5326 1420 5399 ejusdem
1431 5328 1485 5386 viri
1495 5330 1680 5391 adulterium
1693 5335 1796 5409 proba·

962 5415 1146 5488 visset,quoe
1157 5414 1270 5488 viripee
1281 5416 1545 5492 dicebattanquam
1558 5418 1664 5481 minua
1675 5424 1794 5484 idoneos

999 5542 1055 5613 (td)
1070 5541 1138 5616 Cap.
1157 5543 1359 5613 intelleximus,
1377 5551 1414 5604 oa
1429 5546 1554 5605 adulter.
