3780 6000
84 150 137 221 sss
543 154 753 213 muocauru
772 157 812 212 111
831 158 886 212 rr.
904 157 1153 214 uacenoauu
1170 148 1237 214 aa.
1258 159 1335 216 v111.
1740 163 1797 221 sne

87 289 260 348 libertatibus
274 292 300 343 et
316 287 412 343 tuberes
422 281 671 341 consuetudinibus
685 297 755 336 sues.
772 281 810 336 lte
830 285 913 338 terrss
928 286 954 352 Α
970 285 1027 340 tate
1037 283 1199 352 resipnabit.
1214 284 1365 343 saluissibi
1377 286 1575 359 priuileqiiset
1597 289 1795 362 indulcentiis,

89 396 196 455 quoque
210 387 290 435 extra
317 375 451 440 insulam,
468 375 532 429 iste
554 371 718 442 subscriptae
743 369 778 425 ad
805 376 916 442 partem
967 372 1386 441 confirmationqbqssepmpqqq,
1409 377 1578 449 ,pompina
1603 395 1687 450 „mr
1702 381 1794 438 m„

89 469 210 541 episcopi
218 468 395 532 devenerunt,
423 461 550 517 uidelicet
567 458 713 529 ruleleels,
733 459 915 527 Winescumb,
968 461 1025 517 sias
1046 461 1230 519 Glostoniensi
1244 468 1369 522 obtentis.
1387 466 1599 524 Cburtasetiam
1620 469 1796 527 archidiaco-

89 558 219 629 lludebir,
235 556 348 624 Eseber,
365 551 510 609 Bocclaad.
525 551 596 615 lim,
619 548 763 617 blacford,
780 549 916 616 Estbrent‚
969 556 1087 607 nutuset
1100 552 1268 622 pensionum
1282 555 1565 625 ecclesiarum,eisa
1592 559 1797 629 praedeceeeere

91 650 202 716 lierqes,
219 650 377 702 Praaemer.
396 643 428 699 llt
442 648 533 695 autem
549 639 691 708 episcopus
706 637 845 694 uoluntati
859 651 917 693 ma·
970 652 1019 693 suo
1028 639 1130 708 suctos,
1147 638 1217 696 bono
1231 641 1285 710 fide
1295 643 1434 711 restituet,
1450 649 1476 700 et
1490 644 1586 716 priori
1599 649 1624 701 et
1637 650 1798 718 concentui,

92 738 244 794 nacborum
258 735 368 807 plenius
381 730 496 796 cederet,
505 733 533 784 et
546 744 595 799 pro
609 729 773 784 remissione
796 727 920 783 omnium
969 725 1054 781 sicuti
1062 729 1143 798 prius
1156 729 1250 785 abbud
1264 735 1291 786 et
1305 735 1451 789 conuentui
1465 741 1545 790 erant
1558 734 1682 804 collata,
1698 737 1801 806 conllr·

94 827 279 900 iniuriarum,
295 822 513 895 precedentium
534 826 560 874 et
575 819 749 885 damnorum,
765 816 798 873 de
822 817 921 889 quibus
972 814 1068 870 mabit.
1085 819 1168 872 Prior
1183 834 1246 875 uero
1262 820 1296 875 ob
1319 823 1454 894 episcopo,
1476 838 1539 878 cum
1571 839 1702 881 scamma
1731 841 1800 881 con·

95 917 224 975 monarbi
258 916 464 972 reservaverunt
493 915 559 966 lunc
584 910 717 978 temporis
742 908 922 980 passessionem
973 906 1070 958 uentus
1084 904 1127 960 uei
1139 906 1255 977 majoris
1271 912 1295 963 et
1323 911 1447 967 sanioris
1474 910 1579 982 portis,
1603 913 1800 985 constituatur,

16 1026 19 1031 ‘
95 1024 189 1067 coram
203 1005 281 1061 nobis
290 1002 503 1067 discutiendam,
512 1000 600 1055 salcis
614 1006 708 1056 lamen
723 999 842 1070 querelis
857 1013 924 1070 quas
973 989 1014 1047 sic
1026 995 1050 1047 cl
1064 996 1191 1064 sacrista,
1205 995 1246 1052 sic
1258 1006 1283 1053 et
1295 1001 1478 1069 camerarius,
1493 1002 1535 1057 sic
1560 1005 1589 1057 et
1610 999 1802 1069 cellararius:

99 1102 197 1154 contra
208 1092 336 1167 quosdam
351 1091 421 1147 allos
437 1090 574 1145 habebant
585 1087 620 1143 ad
634 1089 798 1143 instantiam
813 1095 839 1143 et
851 1090 923 1160 peti·
976 1081 1016 1136 ila
1029 1081 1154 1154 quidem,
1174 1089 1204 1141 ut
1219 1102 1268 1142 uec
1280 1089 1419 1159 episcopus
1434 1091 1495 1145 siue
1509 1095 1658 1156 conuentu,
1674 1108 1726 1146 nec
1739 1107 1803 1149 con·

100 1188 205 1243 tionem
221 1199 326 1251 eorum,
352 1184 494 1252 episcopus
521 1178 573 1235 dato
601 1180 640 1232 eis
666 1178 800 1247 Muneris,
823 1179 926 1234 scilicet
977 1173 1143 1228 venturasne
1156 1173 1292 1247 episcopo.
1311 1175 1443 1248 aliquam
1464 1180 1581 1234 istorum
1616 1196 1802 1251 personarum

98 1276 232 1336 Estbreut
247 1282 275 1328 at
289 1275 397 1342 Berqes,
413 1285 471 1341 quse
486 1269 516 1324 iu
531 1270 594 1339 ejus
608 1271 716 1339 partem
745 1267 926 1337 devenerant,
978 1261 1064 1330 possit
1077 1263 1251 1319 constituere.
1268 1269 1337 1335 Quae
1359 1268 1532 1337 constitutio,
1559 1267 1586 1324 si
1613 1269 1699 1325 aliter
1725 1272 1803 1341 tacta

97 1382 148 1440 pro
163 1363 268 1420 duobus
284 1360 351 1417 aliis
364 1357 514 1424 maneriis,
528 1355 632 1412 seilicet
650 1357 750 1412 llinton
767 1359 794 1410 et
822 1355 928 1411 Crista·
980 1347 1079 1421 suerit,
1102 1351 1188 1407 irritu
1206 1355 1242 1409 sit
1265 1364 1291 1410 ct
1319 1355 1423 1426 inanis,
1438 1362 1463 1413 et
1491 1373 1524 1412 ea
1542 1360 1723 1429 auctoritate,
1752 1377 1805 1432 qua

99 1451 231 1525 mellord,
247 1450 433 1506 commutarit.
449 1445 552 1512 Adiecit
562 1443 658 1510 etiam,
679 1442 804 1499 demere
823 1442 930 1499 libera·
981 1439 1109 1508 praedicti
1119 1442 1207 1513 prior,
1222 1445 1349 1512 sacrista,
1372 1445 1545 1503 camerarius
1578 1453 1607 1504 et
1635 1448 1805 1506 cellararius

102 1541 179 1598 litate
195 1556 259 1602 suo,
274 1544 304 1592 ut
318 1535 412 1593 omnia
427 1535 766 1606 pacifiocoousopirentur,
779 1536 805 1587 et
825 1533 855 1587 in
863 1532 929 1604 ple·
984 1530 1202 1600 constituuntur,
1218 1532 1351 1589 siminus
1366 1535 1461 1591 idonei
1475 1536 1506 1592 ab
1521 1553 1634 1593 causam
1650 1538 1807 1594 rationabi.

27 1688 30 1701 ,
104 1646 172 1686 uum
182 1629 216 1683 ab
231 1630 270 1683 eir
284 1628 456 1697 taciperrtur
470 1623 609 1695 affectum,
626 1624 651 1676 et
663 1637 714 1693 pro
724 1620 812 1677 saluta
826 1621 932 1679 animae
986 1617 1039 1672 lem
1055 1620 1161 1675 inuenti
1173 1623 1290 1691 luerint,
1305 1635 1495 1696 amoveantur,
1512 1632 1554 1693 ut,
1570 1627 1643 1682 sieut
1659 1643 1808 1685 conpensu,

103 1734 161 1775 suae
175 1723 200 1773 el
214 1715 461 1788 praedeeessorum,
476 1720 501 1767 et
518 1727 702 1768 successorum
718 1727 841 1776 suorum,
858 1716 885 1767 et
902 1706 932 1765 ui
985 1708 1105 1778 episcopi
1118 1717 1144 1764 ct
1158 1719 1307 1767 conuentus
1322 1715 1352 1768 in
1364 1728 1459 1769 eorum
1476 1713 1673 1772 constitutione
1686 1716 1809 1790 requiri·

107 1804 335 1863 anniuersarium
349 1819 430 1858 suum
442 1798 564 1870 sinqulis
578 1800 660 1854 annis
674 1798 797 1854 devotius
810 1799 931 1854 celebre·
986 1801 1042 1865 tur,
1059 1799 1098 1854 ita
1110 1798 1140 1854 in
1157 1818 1255 1856 eorum
1270 1806 1410 1859 amotione
1438 1805 1609 1877 requiratur.
1641 1805 1809 1865 caeterorum

109 1901 165 1968 tur,
182 1895 335 1950 llanerium
349 1892 383 1948 de
392 1893 465 1958 lim,
489 1888 559 1964 quod
587 1887 744 1960 antiquitus
772 1888 807 1944 ad
829 1904 931 1943 mona·
985 1890 1181 1945 oeroomnium
1195 1891 1361 1962 officialium
1375 1899 1401 1949 et
1417 1896 1611 1951 ministrorum
1634 1899 1808 1970 monasterii,

105 1985 218 2042 eborum
230 1984 378 2054 coquinam
390 1978 557 2052 pertinebat,
570 1993 632 2032 cum
642 1977 756 2032 ecclesia
767 1984 793 2031 et
803 1978 932 2031 omnibus
984 1975 1121 2048 stipendia
1141 1978 1173 2035 de
1199 1981 1329 2052 portione
1352 1984 1551 2041 monachorum
1576 1985 1807 2057 percipientium,

106 2076 174 2132 tuliis
186 2072 365 2146 pertinentiis
380 2071 450 2125 suis.
468 2070 505 2124 lte
520 2066 656 2123 militibus
671 2082 777 2139 quoque
791 2066 832 2121 ita
856 2066 930 2121 ordi·
986 2066 1102 2123 liberam
1115 2071 1193 2140 prior
1207 2080 1232 2126 et
1246 2078 1393 2128 cosroentus
1422 2074 1546 2130 babeant
1574 2075 1807 2133 constitutionem.

104 2170 203 2222 natum
229 2172 278 2232 est,
312 2164 385 2217 sicut
412 2160 445 2216 de
474 2157 705 2230 possessionibus,
736 2157 878 2222 uidelicet,
902 2163 934 2212 ut
984 2157 1044 2213 Erit
1058 2167 1151 2214 autem
1166 2162 1195 2215 in
1213 2161 1308 2216 codem
1323 2161 1509 2220 Glusloniensi
1522 2167 1640 2221 ecclesia
1655 2165 1771 2221 unicum
1784 2170 1810 2222 et

105 2258 249 2329 episcopus
288 2252 386 2308 babeat
425 2259 554 2322 quartam
587 2248 721 2318 militum,
750 2247 800 2318 qui
827 2246 931 2302 scilicet
984 2253 1326 2333 communcmarsupium,
1337 2269 1366 2308 sn
1383 2251 1454 2323 quod
1468 2269 1561 2310 omues
1581 2253 1762 2312 obventiones
1784 2258 1810 2311 et

109 2345 145 2401 ad
157 2343 239 2415 feuda
256 2345 281 2397 el
297 2346 388 2396 terras
404 2340 558 2406 assiqnotae
572 2334 628 2391 sibu
657 2338 766 2406 quartae
792 2336 931 2407 portionis
983 2336 1108 2393 redditus
1122 2339 1241 2410 ejusdem
1256 2342 1380 2398 ecclesia
1392 2343 1597 2412 reprendantur:
1612 2343 1805 2418 quodquidam

104 2431 244 2505 pertinere
258 2431 419 2484 noscuntur.
438 2425 518 2481 l'rior
532 2439 594 2482 uero
605 2428 633 2479 et
646 2428 802 2491 conuentus,
827 2423 930 2480 milites
983 2429 1157 2497 marsupium
1171 2433 1288 2498 quatuor
1303 2432 1497 2501 monacbi‚oiri
1508 2431 1561 2503 lide
1584 2432 1675 2503 diqui,
1685 2450 1704 2489 a
1716 2435 1807 2506 priore

107 2521 180 2589 illas,
197 2518 245 2591 qui
255 2523 311 2575 tres
320 2520 415 2588 parles
430 2523 568 2571 terrarum
578 2516 604 2568 et
617 2511 766 2583 feudorum
788 2510 843 2567 sibi
857 2513 926 2568 assi·
983 2516 1010 2569 et
1023 2520 1159 2571 conuentu
1172 2518 1260 2586 electi,
1277 2522 1357 2590 quasi
1376 2521 1562 2591 Tbesausarii‚
1577 2521 1608 2576 in
1626 2539 1678 2578 sua
1691 2523 1807 2579 babeant

106 2613 206 2682 qualos
220 2608 401 2680 contioqunt,
416 2620 478 2660 cum
492 2602 629 2671 lrosaoqiis
640 2600 766 2670 wardiis,
778 2610 804 2657 et
823 2602 931 2659 escnoe-
983 2603 1117 2674 custodia,
1132 2610 1159 2662 et
1173 2623 1208 2663 ea
1217 2623 1259 2675 eo,
1269 2608 1304 2663 ad
1319 2626 1412 2665 omnes
1422 2626 1488 2665 usus
1497 2615 1553 2666 tam
1566 2610 1718 2668 interiores
1727 2630 1808 2685 quam

108 2701 156 2770 tis,
170 2702 197 2753 et
208 2697 328 2765 saleriis,
345 2704 474 2751 eteorum
497 2690 630 2759 seruitiis,
646 2707 709 2746 essm
735 2689 931 2747 donationibus
982 2695 1143 2762 celeriores,
1157 2696 1301 2767 predictis
1312 2697 1401 2755 tribus
1415 2709 1441 2757 et
1455 2699 1807 2758 caeterisministeriatitm

106 2789 266 2862 puellarum
283 2784 482 2849 etoiduarum,
506 2781 591 2837 litere
619 2780 769 2848 trabebant,
797 2780 872 2835 saluo
901 2780 931 2835 in
982 2783 1129 2840 abeislern
1145 2787 1338 2849 ministretur:
1354 2789 1402 2860 qui
1417 2805 1509 2845 omnes
1523 2789 1556 2846 de
1568 2790 1686 2863 acceptis
1701 2800 1729 2847 et
1754 2800 1809 2847 tra·

107 2877 233 2934 erunibus
244 2877 347 2930 bonore
362 2875 392 2930 l).
410 2869 721 2941 Repraesentemus·
739 2869 854 2935 debitis,
871 2886 930 2941 quoe
982 2871 1059 2940 ditis,
1075 2873 1225 2930 secundum
1241 2876 1445 2934 ordinationem
1463 2878 1570 2950 prioris
1595 2889 1621 2936 et
1646 2889 1810 2948 conuentus,

105 2983 278 3040 permenam
293 2963 416 3035 episcopi
431 2963 471 3017 rel
485 2958 669 3017 seneschalchi
682 2961 728 3015 sui
741 2960 804 3029 fieri
817 2960 929 3023 debeut,·
984 2963 1042 3015 suis
1056 2964 1225 3034 temporibus
1240 2964 1355 3022 reddunt
1375 2969 1520 3023 rationem.
1539 2968 1668 3040 Siqillum
1682 2970 1811 3026 Ecclesia

107 3055 244 3113 nabebunt
259 3053 345 3109 etiarn
361 3053 477 3107 liberam
492 3050 699 3122 dispositionem
729 3051 852 3106 omnium
866 3050 930 3107 Ser·
946 3027 968 3095 C
986 3050 1105 3120 ejusdcm
1129 3052 1180 3108 sulr
1207 3056 1330 3110 custodia
1363 3066 1484 3126 quatuor
1510 3059 1632 3114 clarium
1657 3058 1805 3130 habeatur,

106 3144 241 3203 aientium
255 3160 368 3200 suorum
384 3146 409 3196 el
421 3139 592 3206 balivorum,
610 3144 665 3196 lam
681 3141 710 3194 in
726 3139 805 3196 donno
822 3139 932 3196 Gtosto-
984 3155 1104 3212 quarum
1118 3158 1174 3197 una
1187 3159 1269 3213 penes
1281 3143 1404 3214 priorem
1418 3146 1547 3213 resideat,
1575 3147 1644 3201 duas
1658 3163 1723 3204 uero
1754 3147 1806 3204 ba-

107 3233 306 3307 nisequumin
322 3228 629 3288 omnibusterrissuis.
648 3231 749 3287 Omnes
768 3230 852 3284 etium
876 3230 930 3284 ob·
984 3229 1130 3286 bearoduo
1140 3232 1403 3303 monacbiejusdem
1425 3235 1589 3292 monosterii
1617 3236 1810 3307 fidediqnt'‚a

107 3328 246 3383 cantiones
260 3320 394 3379 altarium
411 3318 608 3376 Glustonicusis
623 3318 752 3375 Ecclesiae
780 3321 816 3374 ad
840 3319 932 3388 sabri-
982 3327 1114 3375 eoruoentu
1138 3320 1229 3388 electi,
1252 3331 1381 3394 quartum
1406 3339 1512 3394 semper
1533 3324 1631 3381 babeat
1658 3327 1810 3383 monachus

106 3431 167 3471 erum
182 3415 304 3485 ejusdem
318 3412 438 3467 ecclesie
461 3408 644 3480 pertinebunt.
662 3408 699 3463 De
727 3406 847 3464 ecclesiis
869 3424 932 3465 uero
983 3407 1103 3480 ejusdem
1120 3411 1285 3465 monasterii
1298 3412 1492 3482 professuspd
1509 3416 1634 3486 episcopo
1648 3415 1813 3488 electus,qui

108 3505 144 3561 od
166 3505 383 3563 Clustoniensem
410 3498 563 3554 Ecclesiam
593 3497 806 3568 pertinentibus,
837 3507 933 3553 ratum
982 3498 1078 3551 neutri
1090 3499 1164 3568 parti
1177 3498 1274 3553 debeat
1288 3515 1348 3554 esse
1361 3511 1516 3572 suspectus,
1546 3505 1577 3558 ut
1603 3503 1754 3560 sinemuro
1781 3506 1809 3561 et

25 3606 30 3615 '
107 3594 239 3665 utrinque
255 3587 755 3657 babueruntvidelieeauteptacopus
776 3587 873 3657 babeat
889 3588 933 3657 ius
982 3584 1149 3656 difficultate
1163 3603 1195 3642 ea
1211 3601 1274 3658 quse
1296 3589 1402 3659 suerint
1425 3590 1618 3663 cousiqnaudu
1641 3595 1750 3664 possint
1774 3594 1813 3650 si·

108 3675 590 3756 patronatusiuomnibusecclcsiis
611 3675 807 3748 praedictorum
842 3675 930 3731 llune-
983 3676 1076 3743 qnari.
1092 3676 1237 3748 Nunquam
1253 3686 1344 3732 autem
1357 3677 1661 3751 fiattonsiqnationisi
1681 3684 1806 3754 incapi-

109 3774 228 3838 riorum,
244 3784 389 3843 quaeeum,
405 3764 581 3832 didicimus,
603 3781 654 3837 per
669 3764 740 3819 lraac
767 3763 931 3821 derisionem
984 3764 1051 3832 tulo,
1066 3769 1094 3820 et
1109 3767 1139 3821 in
1153 3768 1304 3836 praesentia
1312 3771 1443 3837 teatrum.
1460 3768 1609 3841 Episcopus
1629 3770 1658 3826 in
1683 3771 1809 3843 priorem

107 3863 280 3928 continqunt.
296 3859 445 3927 Episcopus
460 3859 563 3922 aulon,
579 3853 733 3924 pensiones,
751 3871 818 3925 quas
832 3854 932 3910 babere
983 3861 1009 3908 ct
1021 3858 1184 3909 conrardum
1198 3854 1318 3911 debiturn
1340 3861 1366 3912 el
1386 3859 1551 3914 canonicum
1566 3860 1666 3916 babeat
1692 3860 1813 3918 coertio-

105 3951 227 4008 solebant
248 3950 278 4003 in
297 3946 400 4002 eisdem
427 3943 562 4008 ecclesii-s,
579 3945 617 3999 cis
643 3944 758 4012 dariique
786 3946 928 4000 concessit.
982 3951 1086 3998 namet
1101 3943 1331 4010 jurisdictionem.
1358 3947 1434 4000 lluno
1460 3951 1666 4018 possessionum
1691 3949 1810 4005 diuisio-

109 4041 348 4105 Conmntusuero,
366 4037 394 4091 in
410 4034 519 4092 omibus
539 4035 606 4089 aliis
622 4033 741 4089 ecclesiis
765 4035 836 4103 suis,
867 4035 932 4090 ubi·
982 4048 1046 4087 nem
1067 4032 1192 4104 partibus
1219 4032 1364 4103 placitura,
1391 4041 1418 4090 et
1446 4036 1652 4094 ordinationem
1682 4055 1700 4094 a
1729 4039 1809 4094 uotis

106 4144 213 4203 cunque
227 4126 291 4184 sita
303 4123 411 4198 suerint
423 4124 512 4179 simili
527 4123 604 4179 modo
619 4123 662 4193 ins
678 4123 776 4179 babeat
790 4127 929 4194 patrona·
983 4120 1250 4188 constitutam,saloa
1262 4123 1293 4178 iu
1306 4124 1433 4181 omnibus
1443 4126 1611 4183 auctoritate
1621 4136 1646 4183 et
1657 4126 1813 4200 priuileqio

29 4236 38 4244 ·
106 4225 159 4278 lus.
181 4220 217 4276 De
230 4214 401 4290 prioratibus
415 4229 519 4285 quoque
540 4213 575 4268 ud
590 4212 810 4268 Glasloniensem
839 4214 931 4269 Eccle·
983 4211 1233 4284 sedisapostolicae‚
1251 4214 1420 4271 auctoritate
1440 4231 1493 4286 qua
1521 4215 1680 4287 lunpimur,
1710 4219 1811 4289 confir-

105 4311 177 4369 siam
190 4306 386 4381 spectantibus,
400 4305 439 4359 ita
454 4312 492 4358 est
502 4301 671 4371 ordinatum,
689 4307 719 4358 ul
733 4305 883 4374 prioratus
898 4304 932 4362 de
982 4317 1099 4357 mamus,

106 4400 240 4459 llibcrniu
256 4395 291 4453 ad
305 4392 647 4464 ordinationernepisoopi,
663 4395 804 4463 prioratus
824 4390 967 4457 aerodsD
1017 4390 1324 4464 Doceraimusergo...
1351 4395 1458 4449 nostra
1488 4393 1734 4465 oonllrmatioais,
1776 4395 1808 4452 Si

104 4488 250 4546 Basselarlu
264 4495 289 4541 et
301 4485 332 4540 de
344 4482 504 4538 Doracccbia
519 4481 553 4536 ad
582 4481 784 4538 ordinationem
812 4498 930 4538 conuen-
985 4480 1052 4554 quis
1067 4486 1178 4547 autem,
1195 4489 1249 4538 eta.

105 4589 148 4636 tus
163 4578 329 4642 pertineant.
349 4574 453 4629 ansula
468 4575 560 4626 (tutem
574 4571 767 4638 instrumenta,
785 4586 847 4642 qua
861 4570 932 4627 dicti
1021 4570 1126 4626 Datum
1139 4587 1184 4626 xrs
1198 4569 1346 4628 Kalendas
1360 4570 1376 4627 J
1381 4571 1455 4626 unii.

23 4724 27 4731 ‚
104 4665 230 4725 lionaclu'
244 4668 326 4719 antea
338 4665 433 4718 contra
443 4664 604 4731 episcopum
620 4663 848 4732 impetrauerant,
861 4662 932 4717 bona
1341 4688 1450 4745 LXVII.

104 4757 195 4817 illese
210 4752 368 4808 reddituros
378 4752 574 4820 promiserunt,
594 4750 681 4804 saluis
694 4750 750 4803 sibi
771 4750 872 4805 litteris
899 4749 932 4805 de

101 4845 276 4904 ordenatione
305 4838 433 4897 Ecclesiae
461 4841 625 4911 impetratis,
652 4843 678 4894 et
715 4839 797 4910 quorl,
823 4840 931 4896 ralioue
1129 4884 1221 4922 Bm,
1248 4883 1465 4923 mmmm,
1488 4884 1653 4926 mmm,

98 4935 314 5010 precedentium
327 4930 512 5002 querelarum,
524 4928 698 4999 iniuriarum
709 4928 750 4984 uel
765 4929 931 4984 damnorum
987 4967 1019 5022 lit
1034 4968 1063 5019 Ρ.
1080 4964 1251 5031 Monachum,
1267 4963 1356 5019 mm·
1371 4963 1489 5033 3θηὶοηὶ
1506 4965 1682 5023 Dim-onem
1705 4970 1811 5026 minis·

99 5029 155 5083 sibi
169 5026 202 5081 ab
217 5039 249 5079 ao
264 5023 417 5083 illatorum,
433 5020 543 5072 nullam
555 5017 587 5073 dc
599 5026 701 5074 eutero
715 5034 807 5088 perse
825 5019 868 5074 uel
881 5035 932 5088 per
1021 5044 1105 5096 prum,
1119 5052 1171 5107 qm,
1186 5036 1402 5091 aqmpnpqranqg
1415 5037 1537 5091 Ecclesia
1565 5039 1620 5093 ipa
1647 5038 1810 5112 quamdam

98 5119 169 5173 aiios
185 5113 328 5169 movebunt
341 5109 533 5179 quaestionum.
551 5108 701 5176 Episcopus
716 5106 799 5163 etiam
810 5107 931 5179 fideliter
1019 5113 1122 5178 isserat,
1136 5113 1175 5162 orl
1186 5111 1366 5178 prelaturam
1378 5108 1456 5163 erebi
1470 5124 1524 5164 non
1539 5111 1646 5165 sinant.

98 5205 270 5277 firmiterque
283 5196 423 5270 proruisti,
440 5197 472 5252 de
495 5196 615 5262 damnis,
632 5197 752 5270 querelis
766 5206 793 5253 et
815 5198 931 5269 injuriis
1126 5196 1220 5270 (Apud
1235 5201 1263 5250 S.
1291 5194 1419 5261 Petrum,
1434 5212 1452 5251 x
1472 5195 1536 5251 Kal.
1557 5197 1661 5269 lunii.)

98 5294 155 5351 sibi
164 5294 199 5347 ab
214 5289 255 5346 eis
267 5289 368 5354 illotis,
384 5302 413 5342 se
429 5286 481 5342 luoc
495 5285 567 5342 idem
578 5287 799 5353 observaturum,
814 5291 840 5343 el
859 5287 930 5359 quod
1020 5286 1091 5342 Cuur
1109 5287 1226 5342 recidivi
1243 5285 1401 5356 languores
1416 5285 1564 5356 graviores
1582 5287 1732 5358 prioribus
1743 5305 1810 5348 assa

99 5384 216 5447 litteras,
231 5381 256 5434 si
271 5393 338 5450 quas
352 5379 506 5433 contraeas
522 5377 722 5448 impetraverit,
734 5378 794 5433 sine
807 5377 929 5448 lstpcut·
983 5376 1097 5434 soleant
1112 5374 1267 5440 accuratis,
1279 5373 1364 5429 nohis
1377 5373 1557 5432 ostsolliaite
1573 5378 1808 5448 praecurandum,

136 5505 209 5580 (tbi)
226 5503 298 5562 Vide
310 5500 468 5575 epistolam
478 5499 547 5558 libri
561 5499 656 5573 quinti
670 5501 717 5572 36,
739 5505 799 5558 aot.

987 4817 1054 4835 ......
1070 4793 1205 4834 aristosa
1221 4793 1435 4834 ussrscazuausl
1452 4777 1537 4850 (25³),
1561 4795 1640 4837 aa...
1657 4797 1757 4839 sanant
1773 4799 1810 4840 nt
