3780 6000
51 234 120 289 rosa
178 196 181 201 ¹
405 214 408 226 '
547 236 1260 308 roarrrrcarussuuoxacaarsrr1208.
1687 248 1764 313 isac,
1861 282 1866 297 -

46 362 256 436 reprobandos,
273 363 391 420 tandem
399 364 435 420 ab
446 380 479 420 eo
492 365 590 424 luitad
606 373 739 427 nostram
751 369 870 427 audian·
884 372 913 438 Α
935 373 1126 443 protectionis
1135 376 1164 430 et
1174 370 1370 438 inhibitionis,
1383 373 1438 427 etc.
1449 369 1479 428 si
1495 373 1561 444 quis
1574 380 1684 448 autem,
1700 382 1757 437 etc.

43 454 116 508 tiuzu
128 453 319 524 appellatum.
333 454 474 519 Quocirca
485 454 678 514 fraternitatis
687 463 743 515 tuae
754 476 806 531 per
816 474 882 531 apo·
937 458 1057 533 Datum,
1072 465 1104 518 et
1119 463 1148 519 ie
1161 463 1230 518 olio.

43 540 148 595 statice
163 540 273 612 scripta
290 542 467 598 mandamus
481 548 630 615 quatenus
643 546 701 603 nisi
718 546 883 604 constiterit
1289 550 1408 607 uxitti.

46 630 90 683 vol
107 646 158 701 por
172 630 347 685 evidentiam
365 631 416 698 rei,
429 631 472 687 vel
489 649 540 704 par
554 635 771 692 contessionem
783 635 881 708 legitl·
1075 657 1233 698 couvsurui
1247 656 1432 698 coaesrsusis
1446 657 1629 703 mosasrruur.

48 733 128 772 mam
141 718 367 791 caulieris,qu0d
378 720 477 776 taliter
487 721 654 780 adulterata
668 723 882 794 luisset,adul-
1003 728 1185 799 ltotificentcr
1198 744 1260 801 quae
1273 730 1350 802 locta
1364 737 1429 786 toret
1442 747 1491 802 per
1504 731 1607 802 leontos
1619 733 1647 789 S.
1665 735 1696 790 Α.

48 806 114 861 terii
126 807 214 864 etium
230 809 307 880 quod
319 809 363 864 vir
378 809 486 866 dicitur
499 812 685 869 commisisse
701 813 877 886 probatione
1155 818 1314 888 (Laterani,
1329 834 1347 873 v
1362 817 1436 875 Non.
1449 818 1540 891 Maii.)

49 901 195 964 cessante,
211 897 309 967 ipsum
326 897 453 968 recipere
469 898 629 972 compellas
646 901 882 966 eamdem.0ued
974 905 1030 979 (27)
1045 906 1302 963 Cumvanerabilis
1314 906 1513 965 lrateruoster
1524 908 1682 983 episcopus
1704 912 1757 969 Os·

49 984 74 1039 si
92 986 528 1056 prurlictomododemulieris
555 988 748 1048 fornicatione
771 991 883 1048 consti·
939 992 1042 1049 tiensis
1057 998 1086 1050 et
1100 994 1226 1052 dilectus
1242 995 1322 1050 silius
1337 997 1392 1052 Leo
1408 995 1486 1051 tituli
1515 1001 1627 1055 Sancte
1657 999 1759 1060 Crucis

49 1075 188 1135 [etiamsi
203 1079 302 1143 testes,
319 1077 524 1149 perquosviri
539 1079 718 1137 adulterium
744 1087 790 1138 est
815 1098 886 1154 pru·
939 1086 1089 1156 presbyter
1115 1083 1275 1140 cardinalis
1298 1082 1369 1140 olim
1385 1084 1414 1140 in
1440 1085 1758 1156 partibusrllamanniae

50 1165 152 1219 batum
167 1164 276 1220 luerint
289 1165 418 1238 legitime
432 1168 590 1239 reprobati,
605 1186 674 1227 cum
692 1171 884 1233 matrimonii
938 1171 1094 1245 legationis
1104 1171 1590 1246 cilicioiungerentur,invenerunt
1617 1176 1760 1235 dilectum

44 1255 96 1325 jos
113 1255 141 1309 in
160 1258 287 1327 utroque
298 1254 451 1322 consistat,
468 1260 498 1312 ct
526 1257 610 1330 paria
638 1259 748 1316 delicta
776 1264 884 1317 mutua
940 1260 1032 1316 lilium
1043 1261 1222 1318 abbatsmde
1233 1262 1760 1339 monasterioHerwodeldensi,qued

49 1342 731 1413 cenrpensationetollantur,uihilomiuuseum
750 1353 884 1421 eogasut
939 1350 1328 1408 adltomenamllcclesiam
1352 1351 1432 1408 nullo
1448 1353 1599 1410 mediante
1629 1355 1762 1414 noscitur

49 1447 115 1487 eam
127 1432 286 1503 recipiatet
299 1432 428 1489 maritali
449 1433 601 1491 allectione
625 1441 780 1508 perractet.
799 1436 883 1493 slie-
938 1439 1091 1510 pertinere,
1103 1441 1139 1496 ed
1155 1440 1369 1498 monasterium
1380 1441 1565 1512 Corbeiense,
1581 1444 1760 1516 quodetiam

50 1520 133 1592 quin,
146 1520 263 1576 mulieri
289 1521 433 1593 predicte
467 1522 618 1580 silentium
638 1525 796 1598 imponere
823 1543 883 1583 non
938 1529 1132 1585 estltomanae
1147 1530 1281 1586 Ecclesia
1298 1529 1435 1601 speciale,
1453 1531 1571 1604 propria
1597 1534 1762 1593 temeritate

53 1615 226 1683 postponas.
708 1617 716 1630 '
938 1616 1213 1689 migrassc,licentia
1224 1618 1299 1674 illud
1315 1619 1470 1676 deserendi
1479 1620 1522 1676 vei
1536 1621 1762 1681 confirmatione

89 1699 195 1755 lictum
214 1701 358 1771 Laterani,
374 1718 402 1757 vr
419 1702 482 1758 Kal.
494 1704 573 1774 Maii,
588 1720 665 1760 anne
682 1704 846 1762 undecimo.
898 1722 955 1801 Bu
970 1707 1055 1763 nobis
1068 1706 1112 1762 vel
1127 1707 1164 1763 ab
1179 1707 1251 1779 ipsis
1266 1707 1365 1775 etiam,
1379 1708 1429 1779 qui
1439 1709 1516 1766 vices
1533 1714 1647 1767 nostres
1657 1709 1687 1766 in
1701 1710 1762 1769 illis

417 1791 516 1848 LXXI.
937 1796 1072 1866 partibus
1085 1800 1155 1851 tunc
1170 1799 1381 1868 gerebant‚nec
1392 1795 1490 1853 habita
1503 1813 1555 1854 nec
1567 1799 1759 1870 petitatlum·

54 1894 818 1940 craourcrsacrsarsnnsroaoirarosrosoaourrrai
846 1899 879 1939 sa
931 1899 988 1956 que
1017 1884 1208 1942 Nortbusium
1238 1885 1407 1941 advenisset
1439 1886 1550 1959 regalia
1574 1893 1758 1961 recepturae,
1871 1956 1874 1961 ¹

328 1985 410 2025 rium
426 1987 608 2030 ssuorrsasrs.
932 1971 1022 2029 iidem
1037 1973 1095 2045 (28)
1111 1973 1270 2030 existentes
1284 1974 1405 2043 ibidem,
1419 1978 1451 2031 ut
1480 1981 1667 2050 contemptus
1694 1977 1760 2049 ejus

86 2057 454 2130 Confirmcturcetletioeis
468 2061 546 2134 serto
560 2060 704 2129 cuiusdam
721 2059 859 2119 Ecclesiae.
931 2061 1330 2136 manifestiorappareret,ad
1344 2079 1394 2121 eos
1404 2063 1542 2121 accedere
1563 2082 1621 2122 non
1633 2067 1759 2135 curavit,
1858 2086 1861 2091 ·

273 2149 429 2219 (Laterani,
446 2166 474 2204 vr
487 2150 561 2206 Non.
574 2149 662 2216 Maii.)
930 2166 961 2208 se
975 2152 1181 2208 mandatorum
1197 2152 1328 2225 ipsorum
1344 2152 1485 2210 exhibens
1501 2155 1597 2211 modis
1621 2155 1761 2214 omnibus

90 2238 878 2312 Annuerecensuevit,etc.,usqueimpertiri.0umigi·
930 2244 1172 2312 contemptorem.
1198 2245 1319 2313 Propter
1348 2242 1426 2313 quod
1455 2242 1526 2299 dicti
1555 2243 1645 2317 legati
1673 2262 1759 2302 vena·
1796 2276 1799 2283 ·

54 2326 254 2382 turaddivini
277 2326 373 2383 cultus
399 2332 589 2399 augmentum
620 2329 701 2385 bone
732 2329 879 2385 memoris
931 2328 1018 2385 rabili
1045 2328 1126 2385 tratri
1156 2333 1258 2386 nostro
1286 2330 1508 2387 padeburnensi
1537 2331 1675 2405 episcopo
1711 2335 1760 2391 de·

56 2416 89 2472 G.
101 2414 300 2487 [Guillelmus]
314 2415 552 2489 archiepiscopus
562 2417 881 2474 Senonensisredditus
931 2419 1038 2475 derunt
1051 2418 1176 2476 firmiter
1201 2419 1231 2475 in
1248 2419 1396 2475 mandatis
1413 2424 1444 2475 ut
1458 2419 1596 2477 eumdem
1611 2421 1647 2478 ad
1673 2438 1758 2479 suam

54 2510 151 2561 certos
165 2503 265 2561 altaris
280 2506 366 2577 cujus
379 2505 450 2562 estis
464 2506 605 2578 obsequio
621 2507 752 2579 deputati
763 2509 800 2561 ad
814 2523 879 2562 sus·
932 2506 1121 2579 presentiam
1137 2512 1281 2575 evocaret,
1308 2511 1338 2562 et
1367 2506 1515 2579 praedietis
1545 2510 1685 2566 omnibus
1714 2510 1760 2567 di-

54 2593 248 2650 tentationem
265 2594 469 2650 ministrorum
485 2595 619 2666 ejusdem
643 2594 673 2650 in
704 2595 880 2667 quibusdam
932 2595 1757 2669 ligentiusexpositiscorameo,ipsnmobomniolll·

56 2681 186 2738 ccelesiis
202 2682 371 2756 assignarit,
388 2687 417 2739 et
436 2682 599 2755 capitulum
630 2684 799 2740 Senouense
823 2684 881 2739 sibi
932 2686 1022 2744 eioet
1044 2685 1186 2743 beneflcio
1211 2684 1392 2756 suspendere
1422 2700 1480 2741 non
1512 2682 1643 2741 differret
1663 2687 1757 2743 donec
1842 2726 1846 2733 .

58 2772 236 2831 concesserit
247 2773 319 2829 utin
332 2774 540 2846 partitionibus
550 2772 882 2847 ipsisparticiparentde
933 2780 1033 2832 nostro
1048 2774 1093 2833 vel
1106 2773 1222 2830 illorum
1240 2787 1272 2829 se
1296 2773 1466 2844 conspectui
1495 2777 1697 2845 praesentaret,
1722 2775 1758 2830 da

59 2866 162 2918 cratero
176 2863 426 2934 quemadmodum
452 2863 585 2920 canonici
605 2863 767 2920 servientes
794 2861 881 2918 altari
933 2868 1115 2937 comtemptu
1130 2862 1244 2919 veniam
1255 2861 1412 2932 petiturus.
1429 2864 1571 2918 Ceterum
1582 2877 1652 2919 cum
1667 2878 1756 2920 suum

58 2950 134 3005 beati
149 2951 287 3022 Stephani
303 2951 397 3007 lucere
412 2951 673 3024 dignoscuntur,et
684 2950 762 3008 idem
783 2950 881 3007 archi·
935 2952 1072 3010 nuntium
1083 2953 1119 3009 ad
1135 2951 1295 3009 eorundem
1308 2949 1494 3022 presentiam
1505 2950 1668 3008 destinaret
1686 2951 1755 3024 (29),

57 3040 250 3112 episcopusin
263 3042 532 3112 recompensatione
543 3040 736 3112 partitionum
762 3039 879 3096 illarum
935 3056 967 3097 se
979 3038 1372 3116 superpraedictisemnibus
1387 3055 1439 3111 per
1452 3040 1591 3097 eumdem
1611 3056 1757 3099 excusans

57 3127 211 3184 ecclesiam
224 3129 259 3183 de
274 3129 363 3185 Bosco
375 3130 453 3201 regis
463 3129 539 3186 dicto
549 3128 677 3202 capitulo
688 3128 804 3185 donarit
814 3145 879 3202 per·
935 3129 1017 3187 illius
1028 3135 1112 3187 terrae
1123 3128 1260 3202 allegavit
1268 3127 1514 3185 consuetudinem
1526 3129 1756 3202 generalem‚as·

57 3221 143 3289 petuo
153 3216 429 3288 possidendam,nns
443 3218 646 3290 vestrisjustis
655 3217 881 3291 precibusincli·
934 3235 1035 3277 serens
1051 3219 1128 3292 quod
1144 3234 1197 3290 pro
1212 3215 1362 3273 electionis
1377 3217 1602 3274 confirmatione
1616 3219 1662 3274 vel
1677 3218 1755 3275 obti-

59 3310 120 3361 nati
137 3305 291 3376 predictos
303 3306 436 3363 redditus
447 3311 476 3363 et
490 3312 603 3379 partem
616 3323 705 3379 quam
720 3306 835 3363 habetis
851 3307 880 3363 in
935 3308 1032 3365 nendo
1046 3307 1134 3364 etiarn
1151 3305 1355 3362 benedictione
1369 3303 1413 3361 vel
1424 3305 1545 3363 lieentia
1573 3307 1609 3362 de
1637 3323 1698 3362 uuo
1725 3306 1760 3362 ad

59 3394 266 3467 partitionibus
283 3395 463 3465 memoratis,
480 3396 557 3452 sicut
571 3413 605 3453 ea
620 3396 720 3452 omnia
742 3397 824 3467 juste
849 3413 883 3453 ac
935 3396 1238 3454 aliudmonasterium
1266 3394 1441 3451 transeundi
1466 3411 1599 3451 summus
1629 3395 1760 3466 pontifex

60 3484 182 3556 pacifice
195 3484 366 3556 possidetis,
381 3489 410 3540 et
421 3486 449 3541 in
466 3485 599 3556 ejusdem
613 3485 883 3559 archiepiscopilit·
935 3486 979 3541 vel
995 3487 1059 3557 ejus
1075 3484 1162 3557 legati
1179 3500 1237 3540 non
1261 3486 1345 3539 erant
1361 3482 1549 3554 aliquatenus
1579 3482 1760 3556 requirendi,

58 3572 259 3645 terisplcnius
280 3575 456 3644 continetur,
484 3574 610 3630 vobiset
639 3591 689 3648 per
720 3591 769 3631 vos
797 3573 883 3630 altari
936 3591 1002 3631 eum
1020 3572 1120 3629 inillis
1137 3571 1462 3635 partibusconsuetudo
1477 3571 1546 3628 talis
1562 3571 1706 3629 hactenus
1721 3571 1762 3628 sit

62 3663 199 3736 predicto
215 3663 390 3719 auctoritate
401 3662 563 3734 apostolica
577 3663 804 3719 concrdimuaat
813 3680 884 3735 pra·
936 3668 1060 3720 servata.
1072 3662 1165 3719 Iidem
1176 3677 1242 3717 vcro
1253 3658 1501 3733 legati,precibus
1528 3661 1687 3718 multorum
1714 3660 1760 3717 iu·

61 3753 154 3807 sentis
165 3752 266 3823 scripti
282 3753 444 3824 patronicio
455 3750 680 3809 communimus.
694 3751 882 3825 Nullisrgo...
937 3752 1084 3808 ductilem
1097 3749 1361 3808 ecclesiasticorum
1374 3749 1660 3821 quamsecularium
1678 3750 1758 3824 prin·

61 3843 168 3897 nostre
184 3840 429 3908 coutlrmatiouis,
440 3845 495 3897 etc.
510 3841 539 3895 si
555 3840 622 3913 quis
637 3845 746 3909 autem,
761 3845 816 3898 etc.
936 3839 1103 3914 cipum,qui
1117 3839 1235 3897 eosdem
1248 3855 1301 3911 pro
1320 3837 1384 3910 ipse
1403 3837 1620 3895 instantissime
1636 3855 1758 3912 rogave-

94 3929 201 3986 Datum
219 3930 364 3999 Laterani,
381 3947 407 3985 vr
419 3934 492 3986 Nea.
509 3929 587 4000 llaii,
609 3947 686 3987 auno
716 3929 884 3988 undecimo.
938 3936 1017 3997 runt,
1042 3928 1212 4002 predictam
1241 3926 1607 3993 seutentiamrelarerant‚
1638 3929 1760 4001 pretato
1862 3917 1866 3923 ’

418 4018 528 4074 LXXll.
937 4016 1303 4093 episcopoPadeburnsnsi
1331 4014 1506 4071 mandantes
1535 4020 1569 4071 ut
1599 4023 1760 4075 memorato

94 4124 212 4164 cassem
227 4125 262 4164 ar
276 4124 407 4164 earrreno
423 4125 520 4164 asara
534 4125 633 4164 usare
647 4126 848 4168 annumerare.
937 4108 1036 4165 abbati
1044 4107 1199 4179 injungere
1212 4123 1270 4162 nen
1283 4103 1411 4161 dilierret
1420 4108 1455 4160 ut
1465 4120 1560 4177 usque
1569 4105 1605 4160 ad
1633 4105 1762 4162 Domini·
1790 4139 1792 4142 >

223 4197 478 4267 Deceefirmatienc
489 4196 715 4270 privilegiorum.
939 4213 1004 4254 eam
1016 4192 1517 4269 quarantatur:Laeterelerurolem,
1544 4192 1676 4263 proximo
1698 4211 1767 4267 prae·

320 4287 437 4357 illatum
453 4294 483 4342 ut
499 4285 627 4358 inette.)
939 4285 1055 4343 teritam
1085 4282 1206 4339 nuntios
1230 4282 1266 4337 ad
1294 4280 1394 4338 sedem
1420 4278 1614 4353 apostolicam
1639 4281 1768 4339 destina-

97 4374 171 4431 Cum
183 4391 199 4430 a
212 4375 297 4431 nobis
312 4376 502 4448 petitur,etc.,
518 4393 605 4449 usque
619 4393 785 4447 assensum,
795 4375 886 4435 eccle·
942 4387 995 4443 ret,
1008 4376 1185 4431 mandatum
1202 4376 1337 4429 nostrum
1354 4374 1414 4427 tam
1430 4384 1518 4442 super
1530 4368 1684 4443 hecquem
1701 4370 1768 4428 aliis

67 4463 136 4519 sium
150 4466 315 4519 vestramet
331 4481 471 4536 personas
487 4466 561 4522 inibi
572 4466 697 4524 Domino
718 4465 888 4537 servientes,
904 4448 927 4515 ὓ
942 4464 1053 4520 eisdem
1069 4460 1269 4520 mediantibus
1281 4458 1395 4516 nuntiis
1404 4462 1586 4530 recepturum
1600 4460 1676 4532 qued
1687 4459 1713 4517 si
1727 4459 1769 4517 ie·

64 4551 438 4609 cumomnibusbonistam
450 4554 753 4629 ecclesiasticisquam
763 4556 890 4612 munda·
944 4569 1008 4610 cere
1024 4553 1096 4608 sorta
1112 4549 1280 4624 negligeret,
1296 4551 1402 4604 extunc
1425 4547 1525 4621 ipsum
1551 4549 1581 4603 in
1611 4547 1767 4621 pristinam

64 4642 110 4697 nis
125 4658 188 4714 que
204 4640 234 4696 in
251 4641 386 4714 presenti
402 4642 613 4701 rationabiliter
623 4644 846 4718 possidetis,aut
860 4645 891 4701 in
945 4640 1120 4699 senteutiam
1137 4638 1276 4696 reducere
1291 4652 1349 4693 non
1365 4634 1503 4702 differret,
1520 4638 1550 4692 et
1564 4649 1629 4692 eam
1660 4636 1770 4694 laceret

66 4731 198 4787 futurum
211 4729 302 4802 justis
318 4729 414 4787 medis
429 4735 583 4803 prestante
611 4734 733 4790 Domino
757 4732 891 4807 poteritis
947 4731 1069 4789 firmiter
1080 4726 1236 4787 observari.
1248 4724 1545 4783 Postmodumautem
1557 4739 1625 4780 com
1642 4741 1715 4784 suos
1730 4727 1766 4783 ad

65 4819 202 4892 adipisci,
219 4820 274 4876 sub
290 4819 367 4876 beati
382 4819 460 4876 Petri
469 4823 498 4875 et
518 4824 620 4876 nostra
633 4823 811 4892 protectione
825 4840 893 4881 sus·
948 4821 1047 4877 sedem
1062 4815 1252 4892 apostolicam
1268 4813 1389 4870 nuntios
1405 4812 1593 4882 destinasset,
1609 4812 1699 4871 iidem
1722 4831 1773 4873 vo-

66 4908 205 4982 cipimus,
220 4908 395 4965 auctoritate
407 4907 570 4981 apostoliea
584 4907 752 4967 inhibentes
762 4925 799 4966 ne
822 4911 894 4968 dioe·
948 4910 1041 4967 lentes
1053 4924 1120 4966 cum
1131 4903 1332 4978 multiplieiter
1345 4918 1496 4972 excusare,
1519 4903 1556 4958 ad
1572 4900 1773 4960 defensionem

69 5014 194 5055 cosanus
210 4999 374 5071 spiscopus,
391 4995 620 5054 archidiaconus
631 4996 676 5053 vel
691 4997 767 5055 aliua
782 5015 799 5054 a
812 4999 896 5056 vobis
949 4997 1044 5070 ipsius
1055 4996 1223 5070 praedictam
1241 4992 1486 5050 consuetudinem
1502 4990 1679 5073 allegarunt.
1700 4993 1774 5047 cum

71 5087 306 5161 procurationem
320 5086 482 5143 indebitam
493 5090 523 5144 et
544 5084 697 5143 insolitam
725 5089 898 5158 extorquere
949 5086 1040 5160 igitur
1054 5087 1115 5142 baec
1131 5100 1190 5141 nou
1204 5087 1263 5140 tam
1285 5081 1469 5139 consuetudo
1497 5095 1586 5150 quam
1611 5077 1777 5150 corruptela

70 5181 298 5250 presumatnec
310 5176 340 5232 in
357 5174 486 5248 aliquem
502 5178 634 5232 vestrum
648 5174 713 5231 sine
742 5173 899 5232 manifesta
953 5178 1057 5234 merito
1070 5176 1110 5232 sit
1122 5173 1281 5238 censenda.
1294 5189 1358 5246 que
1376 5171 1506 5244 prolecto
1521 5168 1615 5225 sacris
1630 5174 1676 5226 est
1690 5186 1776 5226 cano-

72 5271 101 5322 et
116 5265 283 5322 rationabili
294 5282 384 5322 causa
398 5262 757 5322 excommunicationisvel
774 5280 898 5336 suspeu-
954 5265 1042 5322 nibus
1058 5262 1189 5331 inimica,
1202 5262 1298 5335 ipsam
1315 5260 1470 5317 decaetero
1496 5256 1606 5314 servari
1635 5257 1777 5327 nolentes,

75 5355 168 5414 sionis
183 5355 361 5414 sententiam
375 5354 574 5430 promulgare.
591 5353 668 5413 Nulli
675 5369 781 5427 ergo...
792 5357 898 5411 nostra
954 5354 1065 5412 eisdem
1080 5350 1185 5424 legatis
1196 5348 1333 5406 dedimus
1345 5346 1375 5403 in
1388 5345 1537 5402 mandatis
1552 5349 1584 5401 ut
1598 5362 1615 5401 a
1630 5347 1780 5418 predictis

104 5499 164 5566 (27)
179 5502 247 5570 Cap.
266 5498 333 5553 Corn
345 5499 523 5565 uenerabilis,
540 5498 580 5556 De
595 5497 818 5554 consuetudine.
955 5499 1026 5555 dum
1039 5497 1133 5554 exstat
1148 5492 1178 5549 in
1189 5495 1304 5576 regesto
1320 5490 1393 5574 etin
1409 5486 1580 5544 authentico
1599 5487 1780 5545 corbeiensi.

108 5573 168 5640 (28)
185 5572 366 5643 legendum,
381 5571 476 5626 iisdem
492 5571 682 5627 existentibus.
699 5569 807 5626 Verum
819 5583 902 5626 men·
991 5569 1046 5642 (29)
1063 5567 1096 5623 lo
1107 5564 1287 5630 authentico,
1298 5562 1458 5619 detestarer.

222 5692 369 5759 ,airaon
393 5687 506 5751 ccxv.
1584 5680 1623 5739 ⁴4
