3780 6000
109 230 180 288 1507
578 231 788 289 reboantem
806 232 845 289 111
864 233 918 287 1³1³.
938 229 1185 295 ssessionem
1202 230 1270 285 but.
1290 230 1340 284 xl.
1776 220 1816 278 til

107 355 150 411 sis
166 352 326 426 apostolica
341 351 518 425 prohiberet,
543 352 574 408 in
599 356 711 410 statum
733 353 865 410 debitum
882 369 929 409 re·
944 359 969 431 Α
987 368 1051 425 que
1066 351 1174 410 dicitur
1187 348 1373 423 Coningobol
1384 363 1455 405 cum
1473 343 1639 403 omnibus
1660 342 1816 417 pertinentia

108 447 209 501 vocato
223 443 249 499 si
265 442 334 514 quid
352 445 418 513 post
440 440 666 514 appellationem
681 443 718 500 atl
734 460 788 499 nos
805 442 929 499 rationa·
985 441 1059 512 suis,
1088 440 1218 497 osticium
1245 437 1352 495 lllilseri
1381 453 1453 494 cum
1487 432 1654 492 omnibns
1686 432 1817 491 attinentia

3 546 7 553 ·
107 532 207 589 bilitsr
221 530 424 604 interpositam
440 530 470 587 in
484 529 579 603 ipsius
595 531 710 589 abbatis
725 529 929 605 prejudicium
985 532 1058 601 suis,
1073 536 1159 589 vetus
1173 529 1303 595 cilicium
1318 544 1386 586 oum
1402 523 1620 601 pertinentiis
1638 522 1720 594 suis,
1733 524 1818 583 duode-

107 624 317 691 attentassent;
335 620 467 692 alioquin
482 621 659 678 canonicum
671 622 815 680 haberent
825 622 928 678 endem
984 623 1041 680 cim
1057 639 1177 681 mansos
1188 621 1271 692 juxta
1282 619 1400 677 Albium
1411 635 1486 675 eum
1499 616 1717 690 pertinentiis
1731 617 1819 684 suis,³n

104 712 298 785 inquisitione
321 728 503 784 processum.
527 715 600 770 Cum
614 712 714 786 ¹igitur
737 713 773 770 de
796 711 928 784 ipsorum
983 710 1095 769 Solaria
1109 710 1209 769 villam
1229 726 1293 784 que
1310 708 1451 766 banchus
1466 707 1614 778 dicitur,
1631 711 1665 763 et
1681 706 1820 779 possesio·

107 819 245 876 processu
275 806 336 858 tam
365 818 417 874 per
444 801 559 859 litteras
583 802 754 859 eorumdem
770 817 861 874 quam
878 816 929 873 per
984 798 1578 875 nesqueiaoentjuxtelu,bonaquae
1592 796 1688 855 bonae
1699 812 1821 853 memore

107 890 278 948 relationem
302 890 432 963 episcopi
453 890 608 948 memorati
625 891 710 948 nobie
727 889 844 962 plenius
858 905 928 946 con·
983 890 1188 964 Ermengardis
1205 887 1415 949 marchionissa
1429 885 1595 945 Ecclesiae
1613 890 1730 943 vestra
1741 892 1820 943 acub·

106 980 241 1047 stitisset,
257 980 369 1037 dictum
395 980 532 1037 abbatem
556 981 593 1037 ab
617 977 929 1053 eademiabbatialexi·
983 979 1017 1037 lit
1032 980 1062 1037 in
1076 979 1261 1049 Tomarisco,
1273 978 1383 1035 curiam
1396 976 1522 1035 seilicet
1533 976 1760 1051 crimpestede
1772 994 1821 1033 cna

106 1075 193 1143 genle
217 1071 334 1143 justitia
360 1070 500 1127 duximus
523 1071 742 1139 remorandum,
759 1068 927 1127 discretioni
983 1068 1122 1126 omnibus
1135 1069 1199 1127 suis
1213 1067 1409 1142 pertinentiis,
1425 1067 1561 1124 curiam
1580 1066 1823 1139 Fragisledecun

104 1165 207 1217 vestras
223 1176 275 1233 per
289 1159 450 1233 apostolica
464 1160 577 1231 scripte
590 1160 766 1217 mandantes
780 1162 928 1232 quatenus
984 1159 1169 1232 pertinentiis
1188 1157 1263 1228 suis,
1278 1161 1369 1215 totam
1384 1160 1503 1214 terram
1521 1173 1603 1229 quse
1621 1156 1742 1213 dicitur
1753 1156 1823 1214 lium

105 1253 135 1306 st
153 1249 529 1323 qnodauobisestsuper
549 1249 604 1307 hoo
632 1248 755 1323 provida
784 1247 927 1305 delibera·
983 1247 1248 1321 compertinentiis
1265 1245 1493 1315 suis,oltioium
1509 1245 1672 1304 Oddonis
1698 1263 1764 1303 cum
1777 1264 1822 1319 prr·

106 1339 187 1396 tione
210 1343 359 1396 statutum
384 1338 500 1397 faciatis
522 1356 575 1412 per
596 1355 751 1397 censuram
764 1337 927 1395 ecclesisti·
981 1338 1113 1399 tinentiis
1128 1338 1200 1406 auis,
1213 1337 1345 1395 olfioium
1365 1334 1540 1395 llermanni
1560 1340 1598 1393 et
1615 1336 1821 1393 Wibernicun

104 1444 170 1485 cam
198 1428 316 1486 sublato
343 1428 585 1485 contradictionis
613 1432 643 1485 et
665 1426 860 1502 appelationis
875 1426 926 1483 ob·
981 1427 1120 1486 omnibus
1148 1425 1334 1501 pertinentiis
1361 1424 1436 1494 suis,
1468 1424 1628 1483 cilicium
1644 1426 1823 1485 Siberuicnn

104 1517 219 1575 ataculo
242 1516 365 1574 tirmiter
387 1516 546 1588 observari,
573 1533 608 1574 ac
638 1515 926 1591 priorictlratribus
980 1515 1404 1592 pertinentiissuis,otllcium
1418 1513 1558 1588 liesingi
1589 1532 1671 1573 cum
1695 1516 1823 1589 pertinen

102 1606 198 1679 ipsius
227 1606 398 1664 monasterii
428 1605 602 1663 anctoritate
632 1605 794 1679 apostolica
823 1604 926 1677 injun·
980 1608 1031 1665 tiis
1046 1608 1119 1666 suis.
1134 1607 1209 1664 Cum
1223 1610 1324 1665 aulem
1349 1604 1492 1680 generale
1517 1606 1741 1664 interdictum
1761 1612 1823 1663 terra

102 1696 179 1769 gatis
196 1701 228 1751 ut
244 1712 398 1769 personam
415 1696 551 1753 idoneam
573 1712 626 1768 per
649 1695 820 1753 electionem
835 1711 923 1751 onno-
942 1717 965 1789 Β
981 1698 1079 1767 luerit,
1095 1702 1164 1767 etc,
1180 1713 1265 1771 usque
1280 1696 1435 1755 celebrare.
1452 1695 1621 1757 chrisma
1634 1713 1724 1766 vero,
1747 1696 1824 1753 clena

103 1785 200 1841 nicam
223 1785 781 1858 sibipreficiantinabbntem.lpsnm
806 1800 923 1858 quoquo
979 1792 1127 1859 sanctum,
1156 1785 1391 1845 consecrationes
1420 1784 1584 1845 altarium
1618 1803 1680 1845 seu
1712 1786 1824 1851 basilica·

103 1871 271 1945 depositum
294 1876 331 1929 ad
355 1871 549 1931 restitandum
572 1872 725 1949 privilagio
754 1873 923 1930 monasterii
977 1893 1056 1945 rum,
1069 1875 1273 1935 ordinationes
1284 1874 1505 1933 monachorum
1524 1876 1592 1949 qui
1609 1878 1654 1935 ad
1673 1894 1777 1937 sacros
1788 1893 1823 1935 cr·

101 1967 131 2020 et
146 1963 203 2020 alia
222 1980 286 2035 qua
311 1981 372 2021 suo
388 1964 505 2021 lucrant
530 1964 670 2023 custodie
694 1981 746 2036 per
769 1980 924 2020 censuram
977 1966 1179 2025 dinaaiuerint
1193 1964 1425 2040 promovendi,a
1438 1965 1651 2041 dicaceseno,
1666 1968 1823 2041 suscipietis

101 2054 234 2111 eamdem
249 2052 365 2111 sublato
381 2052 584 2127 appellationis
601 2052 750 2110 obstaculo
765 2052 922 2127 compella·
977 2055 1127 2129 episeopo,
1140 2060 1210 2130 eto,
1223 2055 1446 2130 usqnevoluerit
1458 2055 1632 2115 exhibere.
1645 2056 1823 2131 atioqoiaat

101 2142 161 2210 tis;
184 2142 425 2212 contradictores,
449 2143 475 2199 ei
500 2143 548 2215 qui
577 2142 697 2212 incunt,
722 2142 767 2200 rel
797 2143 922 2200 rebelles
978 2162 1183 2219 quemcunque
1197 2144 1362 2203 malueritis
1376 2144 1555 2205 antistitem
1579 2149 1767 2219 recurratis,
1782 2148 1820 2220 qai

101 2231 286 2289 districtione
300 2231 390 2288 simili
405 2236 637 2304 compescentes.
976 2235 1137 2308 apostolica
1152 2234 1245 2293 lullus
1264 2234 1437 2293 auctoritate
1459 2252 1535 2307 quo
1564 2237 1774 2310 postulentur
1785 2237 1820 2293 ia·

136 2321 241 2378 Datum
268 2319 473 2389 lateranixiu
496 2319 922 2394 ltal.ianuarii,·'pontliloatus
977 2326 1107 2400 dulgeet.
1125 2325 1260 2383 obeunte
1282 2341 1352 2384 vero
1371 2329 1401 2382 ts
1423 2340 1508 2382 nunc
1538 2326 1820 2399 ejusdemloeiab·

101 2410 194 2468 nostri
210 2426 287 2467 nuno
303 2408 468 2467 undecimo.
977 2416 1055 2485 bata,
1071 2419 1141 2486 eto,
1156 2431 1242 2487 acqua
1264 2415 1430 2472 secundum
1454 2414 1564 2473 Deum
1591 2425 1624 2475 et
1640 2418 1730 2476 beati
1744 2418 1820 2475 lianc·

451 2523 571 2583 (pppfflfl⁸
977 2506 1049 2562 dicti
1063 2504 1205 2579 Regulam
1222 2504 1403 2577 providerint
1417 2503 1619 2580 eligendum.
1634 2509 1728 2576 Quod
1742 2508 1822 2566 siloc·

101 2632 250 2673 scornacno
282 2633 381 2671 innam
411 2631 581 2673 nroaasrarnr
609 2632 723 2673 sarcre
751 2634 853 2675 uince
887 2635 923 2674 nc
976 2599 1016 2664 ἴθ’
1031 2595 1110 2667 ‘1¹¹⁰‘¹
1125 2594 1220 2652 ΨΜ
1236 2594 1267 2652 ⁵¹¹
1283 2611 1337 2652 ⁸¹¹⁰
1362 2593 1488 2667 ⁰⁰¹¹⁶ssi⁰
1513 2594 1671 2657 inv‘niffl
1699 2599 1822 2673 ne‘lum'

134 2720 304 2776 nossvccoc,
323 2721 448 2768 crosone
469 2720 622 2761 raarnrnos
641 2722 700 2762 raas
719 2724 921 2765 cassaremus
978 2682 1038 2740 ΓΜ
1052 2683 1103 2757 qui
1118 2682 1188 2741 h⁰i⁰
1203 2683 1341 2757 mgimhss
1356 2682 1481 2743 5⁶⁰⁰⁰¹¹⁸
1495 2683 1668 2745 h⁸b⁰⁸m¹⁵
1691 2686 1779 2745 '5⁰²¹‘
1790 2687 1821 2743 ά·

134 2810 214 2860 onam
245 2809 364 2850 coronis
394 2810 565 2851 ascensuras
598 2810 686 2851 varaia
712 2812 863 2853 raorsssrs
892 2814 921 2853 aa
977 2773 1112 2830 ⁸d⁰md0
1127 2789 1305 2846 qu⁰⁰¹¹³q¹¹⁰
1320 2772 1568 2832 ¹¹¹⁸¹¹³⁰fi¹¹t¹⁰⁰⁰
1585 2777 1642 2833 ⁸²¹5
1672 2776 1820 2835 “dulim

136 2900 321 2940 ,semem
977 2879 1037 2919 sua
1060 2862 1254 2936 professionis
1274 2879 1437 2921 assumere.
1463 2863 1685 2924 probibemus
1709 2868 1819 2938 insuper

256 2974 294 3030 p,
316 2972 527 3031 confirmation,
548 2974 761 3047 privrqmimm
976 2956 1012 3008 ut
1026 2950 1126 3009 nullus
1141 2952 1281 3010 abbatum
1296 2950 1526 3011 Rossvaldensis
1543 2955 1740 3015 monasterii
1754 2957 1819 3015 boas

290 3064 724 3138 (Late„„p‚qu1)00,mb,j,‚)
976 3041 1196 3114 intenderetis}
1227 3042 1362 3112 rendere,
1392 3059 1444 3100 sau
1479 3041 1543 3101 alio
1573 3045 1726 3117 quolibet
1743 3044 1816 3104 titolo

133 3161 254 3229 Quoties
277 3162 350 3219 illud
368 3181 385 3222 a
400 3163 486 3221 nobis
510 3163 620 3235 petitur
637 3166 717 3237 quod
740 3164 874 3237 religioni
893 3182 924 3240 et

94 3252 247 3311 honestati
258 3252 414 3311 convenire
425 3253 617 3327 dignoscitur,
636 3254 737 3311 animo
761 3270 815 3312 nos
838 3257 923 3313 decet

94 3341 200 3401 libenti
214 3344 375 3401 concedere
398 3345 427 3400 ct
442 3344 607 3415 petentium
622 3343 777 3401 desideriis
794 3360 922 3419 congru·

95 3446 145 3489 urn
169 3432 316 3505 impertiri
341 3432 529 3506 suffragium.
557 3436 731 3506 liapropter‚
760 3433 861 3492 dilecti
890 3435 921 3491 in

99 3521 222 3579 Domino
251 3520 315 3592 lilii,
341 3522 448 3579 vestris
468 3522 559 3594 iustis
584 3521 834 3593 postulationibus
860 3522 921 3582 cle·

94 3615 207 3668 menter
236 3612 409 3679 annuimus,
449 3616 478 3667 et
514 3611 669 3683 prelatum
706 3614 920 3673 monasterium

2 3688 4 3695 ’
93 3700 206 3757 Sancte
220 3699 319 3757 Maria
333 3702 369 3756 de
384 3699 553 3769 Roseeelds,
578 3700 609 3756 in
635 3717 695 3774 quo
715 3700 816 3759 divino
837 3720 920 3760 man·

92 3787 182 3861 cipati
195 3790 268 3846 estis
283 3789 436 3862 obsequio,
452 3790 530 3862 quod
548 3791 650 3861 adjus
665 3794 695 3847 et
711 3791 919 3864 proprietatem

92 3881 229 3935 Romane
244 3876 380 3935 bloelesice
394 3880 541 3950 pertinere
557 3878 753 3951 dignoscitur,
769 3881 806 3936 ad
821 3896 920 3938 exem·

93 3966 158 4040 plar
180 3966 272 4025 ieliois
299 3967 449 4024 memoria
474 3969 725 4041 predecessorum
751 3973 920 4029 nostrorum

90 4057 211 4114 Adriani
225 4062 256 4114 et
270 4056 427 4114 Alexandri
442 4058 642 4115 Romanorum
666 4058 840 4131 pontificum
863 4061 919 4117 sub

90 4149 168 4205 beati
194 4149 272 4206 Petri
299 4153 329 4206 et
356 4152 458 4206 nostra
484 4150 664 4223 protectione
693 4152 875 4224 suscipimus
891 4156 920 4211 ei

89 4239 241 4312 presentis
253 4238 357 4312 scripti
372 4237 525 4313 privilegio
540 4240 774 4308 communimus,
790 4244 920 4299 statuen-

90 4333 134 4385 tes
149 4333 182 4385 ut
197 4343 391 4402 quascunque
416 4328 615 4402 possesiones,
640 4344 825 4405 quecunque
841 4332 919 4389 bona

89 4418 167 4475 idam
184 4418 397 4475 monasterium
421 4418 689 4493 impresentiarum
710 4421 793 4492 juste
816 4426 847 4478 et
867 4438 914 4479 ea·

89 4508 194 4564 nonies
209 4508 350 4581 possidet,
366 4512 418 4564 aut
433 4507 462 4563 io
476 4510 611 4565 futurum
635 4511 826 4568 concessione
841 4526 915 4584 pon·

88 4594 213 4666 titicum,
228 4596 384 4669 largitione
407 4612 531 4670 regnum
557 4599 604 4655 vel
629 4599 809 4673 principum,
832 4601 913 4657 obla·
986 4652 992 4664 ,

88 4683 326 4753 tionciidelium,
352 4702 404 4742 seu
429 4685 496 4743 aliis
517 4688 609 4758 justis
634 4688 731 4745 modis
756 4694 913 4762 prestante

88 4770 212 4828 Domino
241 4773 349 4844 poterit
373 4771 513 4845 adipisci,
533 4774 620 4830 ilrma
641 4775 725 4831 robis
749 4776 914 4850 vestrisque

88 4860 310 4918 successoribus
336 4864 366 4916 et
390 4860 505 4919 illibata
524 4869 727 4938 permaneant,
743 4864 776 4920 in
803 4866 913 4938 quibus

87 4950 149 5008 hoec
164 4950 291 5025 propriis
305 4949 446 5007 duximus
461 4952 671 5024 experimenda
685 4954 836 5012 vocabulis
862 4956 913 5013 Lo·

86 5056 154 5097 cum
168 5039 268 5113 ipsum
283 5039 314 5096 in
341 5056 399 5113 qno
419 5040 575 5114 prolatum
591 5043 805 5101 monasterium
818 5044 912 5103 situm

86 5133 213 5187 astrum
229 5129 414 5203 pertinentiis
440 5130 515 5201 suis,
537 5131 681 5189 decimam
702 5134 737 5190 de
750 5134 804 5204 Lu,
821 5150 911 5209 quam

85 5218 168 5274 bonae
184 5220 331 5276 memoriae
345 5220 451 5277 alibero
466 5220 701 5295 flamburqansis
716 5222 850 5282 Ecclesia
864 5240 911 5283 ar·

87 5309 296 5384 cbiepiscopus
310 5328 345 5369 ex
360 5312 547 5370 conniventia
560 5314 651 5372 totius
666 5314 737 5372 cleri
757 5320 787 5373 at
810 5318 913 5392 populi

87 5398 184 5457 cidem
200 5401 380 5459 monasterio
395 5406 492 5460 vestro
503 5405 533 5460 in
549 5405 756 5464 concambium
767 5407 848 5463 dedit
862 5409 912 5466 de·

86 5488 195 5546 cimam
212 5490 247 5545 de
258 5489 428 5563 Roselvode,
441 5494 586 5564 quesitam
602 5495 630 5551 io
644 5494 848 5552 concambium
859 5514 912 5569 pro

82 5579 158 5638 silva
175 5595 239 5653 quc
251 5578 360 5635 dicitur
371 5579 569 5640 Frankenbolt
579 5582 911 5654 robisdataest,onriam

977 3131 1105 3189 alienare
1121 3132 1184 3188 sine
1209 3147 1333 3189 assensu
1358 3132 1480 3204 majoris
1503 3136 1539 3189 at
1568 3136 1716 3194 sanioris
1736 3136 1816 3211 partis

975 3220 1097 3293 oapi-tuli
1117 3220 1208 3279 vestri
1231 3224 1403 3293 praesumat.
1434 3221 1585 3281 Praeterea
1609 3225 1815 3295 decernimus,

975 3308 1053 3365 siout
1077 3309 1210 3383 predicti
1235 3315 1437 3367 antecessores
1471 3312 1575 3369 nostri
1604 3314 1816 3374 Adrianussl

972 3397 1138 3455 Alexander
1146 3398 1268 3455 Romani
1281 3398 1435 3472 pontifices
1446 3399 1625 3460 decrevisse
1643 3411 1816 3469 noscuntur,

974 3504 1011 3545 ne
1025 3486 1112 3544 alicui
1128 3487 1348 3567 archiepiscopo
1363 3487 1409 3545 vel
1419 3486 1564 3565 episcopo
1579 3509 1642 3551 seu
1661 3494 1717 3553 alii
1732 3494 1814 3553 ecclc·

973 3575 1100 3635 siastioe
1112 3576 1306 3653 secularique
1320 3594 1452 3651 persone
1468 3577 1575 3652 aliqua
1588 3581 1762 3657 disponere
1777 3582 1815 3639 ccl

974 3666 1109 3725 ordinare
1126 3671 1178 3729 aut
1197 3668 1363 3725 exactiones
1377 3666 1421 3725 val
1437 3673 1562 3741 paratas
1587 3672 1734 3748 recipere
1758 3675 1815 3732 sina

973 3772 1119 3813 consensu
1136 3761 1165 3812 et
1179 3754 1328 3813 voluntate
1344 3756 1467 3821 fratrum
1479 3757 1520 3814 ibi
1538 3758 1600 3818 Deo
1619 3764 1814 3822 servientiun

973 3844 1071 3916 liceat,
1087 3846 1139 3902 sed
1155 3850 1270 3914 tantum
1295 3847 1424 3913 Romano
1446 3847 1587 3921 pontifici
1616 3854 1660 3911 ad
1678 3854 1813 3911 obedieu-

973 3936 1044 3993 dum
1060 3936 1103 3992 vel
1120 3935 1306 4005 serviendum
1327 3939 1472 3994 teneatur.
1489 3937 1532 3995 ld
1550 3938 1621 3999 hec
1648 3948 1812 4003 statuentes

973 4024 1124 4085 sancimus
1141 4029 1174 4081 ut
1187 4024 1288 4083 nullus
1303 4042 1435 4099 unquam
1451 4030 1638 4087 monasterii
1656 4032 1752 4093 vestri
1764 4035 1810 4089 ad-

972 4118 1094 4174 vocatus
1109 4131 1175 4172 osse
1189 4118 1350 4189 presumat
1366 4114 1423 4172 nisi
1438 4132 1526 4189 quem
1544 4118 1665 4181 iratres
1681 4140 1810 4183 commu·

973 4221 1003 4261 m
1030 4220 1174 4262 consensu
1198 4205 1385 4279 previderint
1405 4204 1591 4281 eligendum.
1617 4212 1811 4287 sepulturam

973 4309 1087 4367 quoque
1103 4292 1197 4367 ipsius
1212 4292 1447 4369 loci,etc.,urque
1460 4294 1568 4357 nullus
1581 4300 1718 4363 obsint,
1728 4302 1813 4362 521„

971 4387 1069 4441 tamen
1082 4383 1201 4456 justitia
1215 4383 1332 4440 illarum
1347 4384 1541 4443 ecclesiarum
1558 4404 1576 4445 a
1591 4392 1718 4465 quibus
1739 4411 1814 4453 mar·

929 4459 1091 4541 Dtuorum
1107 4488 1229 4547 corpore
1249 4479 1452 4545 assumantur.
1466 4470 1675 4541 Decermi'nua
1692 4500 1763 4559 ergo
1786 4488 1814 4539 nt

970 4560 1043 4619 nulli
1059 4561 1180 4619 omnino
1195 4561 1351 4620 hominum
1366 4564 1411 4623 las
1426 4564 1466 4621 sit
1479 4566 1650 4639 prelatum
1668 4580 1814 4633 monaste

969 4668 1059 4722 rrum,
1072 4657 1141 4723 stc,
1156 4668 1241 4726 usque
1256 4655 1420 4727 protutura.
1436 4652 1524 4713 balva
1538 4658 1814 4737 sedisapostolicae

970 4741 1155 4799 auctoritato.
1170 4744 1212 4799 lid
1229 4742 1374 4801 indicium
1387 4749 1485 4802 autem
1501 4754 1670 4823 precepta
1693 4752 1815 4829 bnjuaa

969 4832 1100 4888 llomana
1115 4830 1245 4889 Ecclesia
1259 4831 1413 4903 libertatis,
1438 4835 1612 4893 secundum
1639 4843 1728 4914 quod
1755 4842 1812 4901 Udo

970 4920 1101 4979 marchio
1116 4936 1183 4977 curn
1199 4920 1287 4979 tratre
1303 4938 1355 4980 suo
1371 4922 1495 4987 sedulle
1510 4926 1542 4981 st
1555 4932 1662 4986 matrs
1672 4930 1811 5005 oddara

969 5026 1096 5084 qnorum
1121 5009 1300 5082 patrimonio
1327 5010 1543 5071 monasterium
1568 5012 1682 5089 ipsum
1723 5020 1811 5079 situm

969 5103 1025 5170 eat,
1050 5098 1218 5156 instituisse
1242 5098 1436 5172 dignoscitur,
1463 5114 1516 5173 per
1539 5118 1645 5163 annos
1674 5108 1811 5185 singulos

968 5189 1130 5247 bizantium
1154 5205 1246 5247 unum
1269 5190 1356 5248 nobis
1381 5190 1551 5263 nostrisque
1571 5199 1809 5259 successoribus

968 5278 1151 5352 persolvetis.
1168 5278 1198 5334 Si
1214 5294 1273 5351 qua
1287 5279 1378 5353 igitur
1400 5279 1594 5357 infuturum,
1621 5290 1703 5354 ata..
1727 5306 1812 5365 usqae

968 5369 1129 5441 subjacent.
1152 5367 1271 5425 Cunctis
1294 5372 1393 5425 autem
1417 5367 1512 5426 eidem
1535 5368 1618 5445 loco,
1638 5381 1713 5450 stc,
1727 5394 1812 5453 usqae

968 5458 1089 5532 premia
1102 5461 1216 5515 eternae
1227 5457 1310 5531 pacis
1327 5457 1489 5517 inveniant.

1005 5587 1113 5645 Datum
1131 5585 1264 5644 Laterani
1274 5602 1325 5659 per
1336 5585 1594 5647 manum-loannis
1604 5592 1734 5655 Sancta
1750 5604 1809 5657 ua.
