3780 6000
30 72 36 139 1‘
82 100 136 159 tar
585 107 1291 178 aonnncarusannovn,caa1sn12os.
1744 124 1798 181 sae

85 250 98 278 ι
119 228 243 287 teatrum
257 231 405 303 adsersus,
420 240 447 291 et
463 250 514 304 per
533 235 657 306 primum
681 234 841 292 curratrarius
869 251 913 289 su·
932 235 956 299 A
975 257 988 283 ιι
1012 245 1146 293 accuratur
1162 239 1197 294 de
1211 240 1329 309 Abjuso,
1346 248 1373 297 et
1388 243 1518 300 ascendit
1531 245 1797 321 perdnesipsarum

84 340 98 368 a
119 319 230 390 spitati.
248 320 320 377 Cum
336 338 403 393 ergo
419 324 497 379 lusus
513 325 644 396 quidam,
659 324 708 396 qui
724 324 914 381 liutranusdi-
971 345 985 373 ιι
1007 331 1157 391 terrerum,
1172 336 1199 383 et
1215 329 1277 384 ierit
1292 330 1325 383 nd
1343 332 1428 398 riam,
1445 349 1510 403 qua
1535 335 1611 391 radit
1635 338 1670 392 ad
1699 338 1797 396 (lasela

87 430 101 458 ι
120 411 207 476 citur,
224 420 250 466 et
267 411 302 466 ad
320 412 471 468 ecclesiam
488 412 612 484 pertinet
629 416 825 482 Guseutinem,
850 413 916 469 reli·
971 434 985 461 ιι
1008 413 1117 471 Pulian.
1134 421 1162 471 et
1175 417 1251 473 malit
1266 418 1326 488 ipsa
1341 421 1536 492 risusquead
1546 426 1698 480 terminum
1716 437 1795 482 torre

86 524 97 537 ιι
120 497 202 568 gioni
217 514 281 555 esse
295 500 415 557 idoneus
430 502 577 571 referatur,
593 504 772 560 devotionern
797 513 916 560 restrum
970 524 985 552 ιι
1006 505 1065 559 lac.
1082 504 1118 561 de
1135 505 1248 563 Pulian.
1264 511 1293 563 et
1305 509 1380 564 vadit
1394 525 1442 577 per
1457 511 1551 581 ipsum
1569 516 1724 572 terminum
1745 534 1795 572 us·

85 610 101 637 ιι
123 603 280 645 monemus
294 598 321 646 et
349 591 514 647 exhortatur
542 596 688 664 attentius,
715 602 744 650 at
770 610 819 665 per
847 610 915 663 apo·
971 613 984 640 ιι
1005 595 1107 661 quoad
1125 593 1291 652 valloncell.
1322 597 1509 672 siccum,qui
1532 603 1682 659 deseendit
1708 621 1798 677 usque

84 696 99 724 ιι
121 675 228 732 stolica
242 676 321 733 robis
332 677 438 749 scripta
450 682 620 736 mandamus
630 681 914 753 atqueprecipimue,
971 701 985 730 ιι
1005 680 1041 735 ad
1058 682 1171 739 Vallon.
1182 683 1324 742 deCleuc.
1337 691 1502 744 etascendit
1516 707 1565 762 per
1577 692 1668 763 ipsum
1680 693 1796 751 Vallun.

84 785 100 814 ιι
121 772 277 836 qautenus,
291 766 328 822 ab
343 766 445 824 abbate
459 784 493 825 ac
509 770 641 826 iratribus
655 771 737 842 ipsis,
750 772 829 841 juxta
843 772 917 828 aeeti·
974 788 984 817 ι
1006 783 1096 840 usque
1110 772 1145 826 ad
1162 774 1324 841 predictum
1341 775 1449 833 iontem
1475 777 1589 835 Sanctis
1616 783 1734 837 loannis
1763 784 1798 841 de

83 874 100 903 ιι
121 854 281 910 mationem
298 858 389 924 tuem,
403 856 487 914 irater
502 858 725 930 archiepiscope,
743 870 853 930 recepto
867 877 916 917 ex·
971 877 986 908 a
1006 856 1121 925 Glauco,
1135 862 1164 914 et
1178 860 1326 918 concludit
1341 863 1370 918 in
1387 864 1476 934 priori
1493 866 1559 922 line.
1573 872 1633 924 Boc
1655 872 1797 927 tenimen-

86 965 98 992 ·
120 943 241 1000 cambio
255 946 441 1017 competenti,
459 948 624 1015 prediorum
643 948 735 1004 locum
752 965 816 1005 curu
833 951 917 1021 porti·
970 966 985 996 a
1006 954 1065 1002 tum
1082 957 1282 1006 commutanda
1296 958 1323 1006 et
1338 953 1523 1009 concedimus
1544 957 1623 1011 robis
1650 973 1715 1014 curn
1743 975 1797 1015 ne·

82 1053 99 1081 ι
120 1032 233 1089 noctiis
245 1034 305 1090 suis
320 1033 389 1104 ipsis
400 1035 546 1106 assignare
565 1036 679 1104 curetis,
709 1036 779 1093 illud
808 1037 838 1093 in
867 1052 916 1094 eos
972 1053 1094 1104 amore,
1121 1038 1220 1109 alneis,
1249 1041 1409 1112 arboribus,
1437 1047 1530 1113 aquis,
1561 1048 1737 1113 molendino,
1768 1053 1798 1106 et

84 1141 100 1169 ι
120 1117 163 1174 ite
174 1119 264 1176 libera
273 1121 466 1191 conserentes,
477 1124 518 1180 sic
529 1124 709 1181 excambium
722 1127 756 1180 ad
769 1142 818 1181 vos
828 1125 916 1183 libere
970 1147 983 1179 ι
1003 1126 1137 1184 omnibus
1152 1145 1216 1199 qun
1232 1130 1337 1187 ibidem
1349 1133 1495 1189 cusentin.
1506 1134 1633 1192 Ecclesia
1645 1137 1673 1192 in
1686 1138 1798 1210 episco-

81 1231 97 1259 ιι
118 1209 299 1277 devolvetur,
318 1219 358 1282 ut,
374 1213 448 1269 sicut
464 1214 668 1271 monasterium
688 1214 777 1271 ilaris
799 1216 833 1271 ad
862 1231 917 1273 nus
969 1237 984 1265 ιι
1004 1216 1077 1287 palie
1093 1232 1201 1274 mensae
1215 1219 1349 1276 demanio
1365 1221 1482 1291 paciflua
1498 1223 1644 1296 hacteuus,
1660 1242 1693 1284 ac
1709 1227 1796 1286 libere

81 1320 97 1346 ιι
122 1298 208 1355 nullo
224 1299 345 1369 pertinet
359 1301 513 1368 mediante,
528 1302 571 1358 sto
582 1305 788 1360 nonasterium
798 1304 871 1374 quud
884 1305 913 1360 in
969 1325 984 1355 a
1004 1306 1094 1361 tenuit
1106 1313 1132 1361 at
1149 1308 1285 1378 possedit,
1302 1312 1493 1367 concedentes
1508 1312 1699 1371 nibilominus
1714 1316 1796 1374 uobis

83 1408 100 1437 ι
121 1387 249 1445 florano
263 1398 415 1460 consurget
431 1391 513 1446 nubis
529 1392 610 1447 nullo
621 1392 714 1450 medio
725 1400 913 1464 supponatur·
968 1415 983 1443 ιι
1004 1393 1161 1465 rastrisque
1176 1396 1298 1465 posteris
1312 1406 1481 1468 potestatem
1495 1405 1794 1462 construendiibidem

83 1499 100 1528 ιι
120 1478 271 1550 Alioquin,
288 1481 423 1535 noveritis
440 1497 493 1537 noe
521 1481 633 1538 dilectis
661 1481 728 1538 sullis
744 1521 751 1536 .
769 1524 776 1538 .
795 1524 802 1538 .
817 1483 915 1541 Sancti
967 1503 981 1532 ιι
1003 1483 1220 1550 monesterium,
1236 1485 1309 1541 sicut
1325 1487 1354 1542 in
1370 1489 1534 1558 praenotatis
1547 1489 1649 1547 litteris
1660 1496 1794 1562 apostoli-

84 1590 100 1618 ι
120 1567 259 1640 Spiritus,
273 1575 322 1625 et.
341 1610 347 1623 .
365 1609 370 1620 .
387 1571 422 1626 de
450 1570 561 1626 coratio
589 1571 749 1642 alilaetibus,
778 1580 804 1629 et
834 1573 954 1667 iratrlB
972 1589 983 1619 ι
1004 1569 1046 1626 uis
1060 1570 1233 1636 continetur,
1250 1582 1278 1630 et
1292 1576 1457 1645 possidendi
1473 1576 1566 1634 locum
1588 1579 1680 1649 ipsum
1706 1582 1795 1642 libere

83 1681 99 1708 ι
121 1661 195 1728 nug.
212 1659 246 1714 de
261 1658 394 1715 Turcian.
410 1659 523 1716 dedisse
539 1660 658 1716 firmiter
672 1661 701 1717 in
714 1661 868 1731 mandetis,
882 1670 911 1719 ut
970 1673 1035 1715 sac
1050 1659 1168 1728 pacibus
1182 1662 1255 1718 sicut
1270 1664 1396 1732 possedit
1410 1674 1435 1720 et
1453 1664 1550 1721 babuit
1580 1666 1717 1724 hacteuus
1745 1686 1792 1728 eu-

86 1769 102 1798 ιι
123 1762 176 1804 ros
190 1748 225 1802 sd
240 1746 280 1813 id,
297 1749 456 1804 munitione
471 1750 628 1819 premissa,
645 1766 694 1821 per
708 1767 859 1808 censuram
870 1768 913 1808 ec·
970 1770 981 1797 ι
1002 1748 1090 1806 alesia
1103 1748 1251 1808 cusentin.
1268 1756 1296 1808 et
1311 1751 1435 1810 lactendi
1451 1755 1480 1812 ln
1495 1772 1539 1824 eu,
1556 1766 1581 1812 et
1597 1758 1632 1813 de
1647 1774 1680 1815 eo
1710 1760 1795 1830 ‹quiid-

86 1860 101 1889 ι
123 1837 327 1907 cleritatem,
342 1837 535 1908 appellatione
551 1848 671 1909 remota,
691 1840 876 1913 compellant.
968 1859 982 1888 ι
1004 1838 1070 1909 quid
1086 1838 1166 1895 uobis
1181 1842 1356 1912 posterisque
1372 1844 1470 1899 vestris
1488 1845 1635 1915 placuerit,
1653 1857 1795 1905 reservato

121 1950 136 1982 ι
157 1933 263 1986 Datum
279 1927 433 1994 Ferentini,
448 1928 583 1987 Kalendis
597 1930 783 2003 Septembris,
800 1930 914 2001 pontiti·
970 1948 983 1979 ι
1003 1928 1139 1985 Ecclesiae
1154 1940 1258 1986 nostre
1272 1935 1384 1988 tantumn
1400 1948 1453 1990 usu
1468 1934 1682 1993 incidentorum
1703 1937 1796 2010 liguo·

84 2042 101 2072 ι
121 2031 208 2078 catus
221 2021 311 2076 nostri
325 2035 403 2077 auno
417 2029 507 2077 sexto.
969 2039 984 2068 ιι
1004 2033 1067 2074 rum
1083 2018 1113 2074 in
1129 2027 1206 2090 parte
1223 2025 1349 2078 nemoris
1365 2022 1410 2079 bis
1425 2024 1531 2081 linibus
1546 2026 1703 2097 designata.
1718 2030 1796 2087 luci-

119 2109 560 2184 1fllqepgopquptislinepig,
591 2126 655 2167 cum
683 2126 735 2181 08⁰
762 2111 915 2185 pmdlcltls
969 2129 983 2158 ιι
1004 2109 1168 2179 pilbitlnlo
1183 2108 1473 2171 SaudliJoflnnibdb
1485 2116 1797 2182 Glauc⁰,eldesctlndil

83 2225 99 2254 ιι
120 2200 370 2272 archiepiscopus,
401 2208 514 2274 receptu
542 2200 578 2257 ab
605 2202 755 2259 antedictis
781 2203 915 2261 tratribus
969 2220 983 2248 a
1004 2199 1096 2269 ipsum
1113 2198 1338 2260 vatiamctmc.
1358 2207 1493 2275 usquead
1525 2207 1647 2263 rivulum
1677 2212 1795 2267 serron.

83 2315 100 2344 a
122 2292 300 2362 competenti
331 2293 491 2359 excambio,
521 2295 686 2350 mandarum
724 2294 913 2364 apostoliam
969 2310 985 2340 ιι
1003 2289 1064 2356 alti,
1080 2298 1107 2346 st
1121 2292 1250 2348 ascendit
1266 2308 1314 2362 per
1330 2294 1422 2365 ipsum
1439 2296 1560 2352 rivulum
1577 2301 1709 2368 usquead
1723 2301 1796 2358 riam

81 2382 301 2439 «exsecutioni
334 2383 524 2446 mandassem.
540 2383 589 2439 sed
604 2382 736 2440 canonici
750 2384 842 2441 nostri
863 2400 914 2455 pro
967 2401 982 2431 α
1003 2380 1103 2447 Sem).
1125 2389 1151 2437 el
1181 2383 1258 2439 Vadit
1286 2384 1347 2455 itm
1372 2385 1417 2441 vit
1441 2387 1522 2458 jutis
1556 2388 1668 2445 Sortem
1700 2406 1796 2447 vorsus

86 2494 102 2524 ιι
124 2472 190 2543 ipse
204 2471 330 2528 mandati
360 2473 558 2541 magnitudine
586 2472 684 2528 minus
710 2473 794 2529 lucila
820 2474 855 2530 ad
884 2475 913 2530 id
967 2489 982 2518 ιι
1001 2470 1152 2537 orientem,
1169 2473 1303 2541 usquead
1320 2473 1392 2529 riam
1413 2474 1558 2546 publicam
1588 2486 1614 2532 et
1644 2479 1797 2536 revertitur

84 2586 101 2614 ι
124 2574 241 2632 possent
257 2562 366 2633 ludaei,
394 2565 428 2618 &d
456 2564 554 2621 sedem
581 2563 766 2634 apostolicam
797 2564 913 2637 quibus.
968 2577 981 2604 d
1004 2557 1160 2628 perlitum
1176 2559 1260 2626 vlatn,
1276 2567 1302 2615 θῑ
1318 2560 1463 2617 concludit
1480 2565 1508 2618 ln
1523 2564 1610 2634 ptiol'i
1627 2564 1694 2620 line.
1715 2566 1794 2623 Nihil

86 2674 103 2704 ιι
124 2653 195 2708 dem
212 2667 245 2708 er
258 2652 328 2723 ipsis
343 2652 487 2723 euntibus,
503 2653 734 2709 commutationis
761 2653 912 2710 arbitrium
971 2665 982 2695 ⁸
1002 2650 1097 2702 ⁸¹¹¹Offl
1111 2646 1193 2717 lum,
1210 2661 1259 2702 ⁸0¹¹
1276 2649 1423 2718 l³⁰l⁰⁸¹⁸¹i⁵
1435 2649 1508 2705 {⁰¹¹³
1533 2651 1616 2722 buil„
1645 2654 1732 2724 9⁸¹¹ss
1757 2654 1793 2710 fl·

88 2766 105 2795 ι
126 2741 195 2799 stirs
207 2743 346 2800 stamina
354 2760 428 2816 papa
439 2743 654 2800 exsecutoribus
664 2744 911 2801 ιιιιιιιιιιιῑιιιιι.
968 2754 983 2783 a
1003 2748 1069 2789 uem
1086 2734 1178 2799 nouis,
1191 2745 1216 2790 ot
1235 2736 1481 2794 castranensis
1496 2754 1680 2807 reservamus,
1697 2741 1794 2798 nautr-

86 2854 102 2883 ιι
124 2832 483 2900 quibusrsouutiuntibus,
494 2833 567 2904 qood
579 2839 914 2904 essetuompetensoom·
970 2846 981 2873 ·
1002 2825 1078 2881 tebit
1094 2825 1177 2882 uubis
1193 2827 1338 2898 nostrique
1353 2829 1473 2899 posteris
1491 2829 1609 2901 glandes
1623 2830 1677 2900 tibi
1703 2833 1793 2902 percl-

84 2946 101 2975 ιι
123 2921 256 2985 mutatio,
267 2928 416 2979 atsummo
427 2921 570 2991 pontifice,
583 2920 723 2989 ut,lueret‚
734 2922 847 2991 iterum,
863 2937 913 2992 per
969 2916 1182 2986 «Ρθῐθιῑθῐίῠ
1200 2919 1460 2991 leffflipstatlufim
1478 2921 1571 2991 νθδῑῦι
1602 2922 1673 2978 ⁵¹0¹¹¹
1704 2930 1791 2980 totam

83 3034 98 3066 ι
121 3009 281 3084 apostolica
295 3011 399 3080 scriptu
409 3010 539 3082 jubente,
550 3019 699 3082 prospecta
709 3011 813 3083 pietate
827 3010 912 3067 simul
926 2969 953 3038 c
966 3025 982 3056 a
1002 3004 1087 3062 altam
1104 3006 1301 3079 concedimus,
1314 3008 1421 3079 aliquid
1434 3022 1606 3078 construere,
1623 3021 1668 3066 aut
1685 3012 1714 3068 in
1741 3014 1793 3068 da-

85 3124 101 3154 ιι
122 3109 150 3159 et
164 3101 271 3156 virtute
287 3101 423 3169 mandati,
438 3108 465 3156 et
480 3101 657 3156 considerata
677 3101 769 3157 multa
795 3100 915 3156 utilitate
970 3113 983 3144 ι
1004 3109 1114 3163 anunm,
1131 3102 1156 3151 et
1169 3095 1336 3153 scandalum
1351 3098 1434 3153 restri
1461 3100 1626 3155 monasterii
1654 3099 1793 3168 aliquate-

85 3212 102 3240 ιι
124 3188 318 3261 possessionis
332 3203 415 3258 quam
433 3188 463 3245 in
479 3187 547 3258 Spla
562 3188 645 3246 nobis
656 3189 804 3246 memorati
816 3187 914 3259 abbas,
970 3205 985 3234 ιι
1005 3200 1058 3241 nus
1072 3187 1194 3258 operari,
1210 3188 1259 3244 sed
1276 3187 1338 3243 solo
1354 3203 1406 3244 usu
1424 3189 1579 3260 lignorum,
1595 3190 1667 3247 sicut
1683 3190 1793 3248 dictum

84 3303 101 3333 ιι
123 3287 152 3337 et
166 3281 269 3336 iratres
284 3279 374 3335 Flosis
391 3279 473 3344 lonae
488 3279 603 3347 melius,
620 3295 703 3351 quam
719 3280 798 3352 prius
818 3282 914 3336 osten·
970 3295 983 3326 a
1004 3282 1057 3339 est.
1072 3275 1327 3347 contenderimus,
1338 3276 1457 3334 robisin
1470 3287 1637 3350 perpetuum
1651 3294 1702 3335 usu
1714 3278 1793 3351 glan·

87 3392 104 3422 ιι
119 3371 233 3438 derant,
249 3368 424 3433 obtulerunt,
440 3368 633 3426 decommunl
644 3371 759 3426 tandem
770 3368 916 3426 uoluntate
968 3383 984 3413 ιι
1004 3363 1095 3432 dium,
1111 3368 1139 3419 et
1154 3364 1235 3420 lundi
1249 3365 1419 3436 proprietate
1431 3367 1541 3422 relicta.
1558 3367 1615 3424 lloc
1634 3375 1723 3424 totum
1750 3375 1792 3424 te·

91 3484 104 3512 ι
123 3470 213 3532 arque
226 3475 380 3526 conaeursu,
391 3460 757 3530 mandatumapostuticum
770 3459 917 3515 bumiirter
968 3473 984 3503 a
1004 3453 1177 3524 nimentum,
1194 3454 1268 3510 elcut
1281 3455 1413 3526 superius
1427 3455 1602 3526 descriptum
1630 3462 1683 3522 cst,
1714 3456 1792 3512 robis

90 3572 103 3600 ι
124 3558 152 3607 et
169 3548 301 3617 fideliter,
316 3549 389 3605 sicut
400 3549 562 3615 debuimus,
575 3548 736 3606 curavimus
745 3546 915 3618 adimplere.
970 3563 986 3593 a
1004 3543 1205 3600 commutando
1220 3545 1415 3606 concedimus,
1431 3551 1457 3599 ot
1475 3551 1531 3600 tam
1548 3545 1636 3613 robis,
1651 3562 1735 3618 quam
1748 3561 1791 3601 re·

88 3663 104 3692 ιι
125 3637 916 3708 Demusitaquerubis‚dominullattbec.venerebilie
969 3654 984 3683 a
1004 3634 1069 3690 stris
1084 3634 1213 3704 posteris,
1227 3633 1420 3703 siontjuatum
1436 3634 1530 3701 luerit,
1560 3636 1638 3691 omni
1667 3646 1792 3705 tempore

91 3750 107 3785 ι
125 3730 217 3786 abbae
232 3730 331 3794 Floria.
348 3737 375 3786 et
390 3729 524 3785 iratribus
538 3729 752 3787 successoribus
766 3729 870 3787 vestris
885 3729 915 3783 in
970 3748 984 3776 ιι
1000 3724 1196 3781 defendemus.
1214 3722 1384 3793 lteccpaimus
1398 3730 1492 3781 autem
1508 3741 1523 3779 a
1539 3725 1619 3779 vobis
1641 3724 1792 3781 ecclesiam

87 3842 103 3871 ι
126 3830 307 3890 perpetuum,
323 3819 472 3875 ecclesiam
487 3820 597 3875 Sanoua
612 3818 754 3886 llarie‚et
765 3817 914 3876 ecclesiam
970 3836 985 3865 ι
1005 3813 1101 3870 Sancti
1118 3811 1415 3882 Nicolaideliottulo,
1436 3828 1503 3869 oum
1532 3814 1690 3870 tenimento
1719 3815 1791 3884 ipso,

87 3932 103 3962 ιι
124 3909 222 3967 Sancti
237 3907 358 3973 nicolai,
374 3917 401 3964 ct
415 3909 672 3966 ecclosiamSancti
687 3909 795 3976 Annali,
807 3906 916 3980 positas
970 3924 985 3953 ιι
1005 3900 1417 3972 vincis‚arboribue,lulln,et
1447 3901 1621 3973 molendino,
1651 3918 1713 3973 quae
1741 3901 1794 3960 tibi

88 4022 103 4052 ιι
126 3998 159 4057 in
173 4000 333 4056 tenimento
349 3999 473 4070 Botrani,
489 4000 631 4070 cumipse
658 4000 815 4056 tenimento
839 3998 914 4069 quod
970 4015 985 4044 ιι
1005 3999 1082 4062 sunt,
1098 3992 1196 4048 etalio
1212 3992 1379 4047 molendino
1393 3991 1423 4047 in
1439 3993 1525 4048 durio
1541 3991 1679 4048 Cerdonis
1690 3992 1792 4063 posito,

88 4110 105 4140 ιι
125 4088 324 4146 bisdiaisieet
341 4088 641 4147 fluibusterminatur.
661 4089 766 4160 lncipit
792 4104 809 4143 a
838 4087 915 4143 tonte
969 4103 985 4134 ιι
1005 4090 1031 4138 ut
1046 4082 1235 4138 tenimentum
1251 4080 1327 4152 quud
1340 4080 1583 4148 Ce=aalevocatnr,
1596 4081 1793 4138 cumecclesia
1862 4154 1869 4167 ἱ

87 4202 103 4232 ιι
123 4179 221 4237 sensti
235 4179 355 4236 ioannis
369 4180 404 4236 do
418 4179 533 4243 clauco.
549 4185 576 4237 et
588 4179 716 4236 accondit
732 4177 768 4234 ab
784 4176 915 4235 orientali
971 4194 983 4222 ι
1004 4171 1102 4226 Sentii
1118 4171 1234 4227 Martini
1249 4170 1285 4226 de
1297 4170 1366 4226 Jove
1382 4186 1448 4226 cum
1465 4170 1622 4226 lenimessw
1633 4187 1694 4238 ⁸¹¹⁰.
1706 4186 1792 4240 tuam

89 4290 105 4319 η
125 4277 206 4340 9·th
221 4285 269 4338 W
284 4268 358 4324 qiqm
376 4270 518 4338 publicam
535 4284 624 4339 usquo
646 4270 680 4324 qd
710 4275 804 4342 petras
831 4266 914 4335 iim,
968 4282 983 4311 tt
1004 4259 1085 4316 voltis
1101 4259 1182 4316 boll&
1199 4259 1340 4316 memoli&
1363 4260 1434 4314 lud.
1464 4259 1656 4330 praedeeessor
1685 4269 1791 4329 ltub'ief,

87 4380 103 4408 ς
125 4358 336 4429 qufldiqidunt
352 4338 954 4425 instruemusBotfqn,01'n0mqure.D
970 4370 985 4404 1
1003 4364 1068 4405 ctttn
1084 4349 1232 4405 communi
1247 4347 1362 4418 capituli
1378 4363 1519 4405 consensu
1536 4357 1726 4414 concesseratl,
1738 4347 1791 4405 sub

88 4470 105 4499 ιι
126 4447 233 4519 pisciti,
249 4457 302 4505 eta
317 4448 437 4505 meridie
449 4450 526 4505 vadit
540 4450 780 4519 quodamsamin
791 4463 840 4519 per
852 4462 913 4502 me·
968 4464 983 4493 a
1003 4457 1098 4497 annus
1111 4456 1198 4496 censu
1215 4438 1287 4496 libix
1302 4439 1387 4495 unius
1403 4454 1484 4509 oeae,
1500 4455 1583 4509 quem
1601 4454 1654 4496 nus
1678 4446 1791 4510 recepta

90 4560 102 4588 ι
124 4536 206 4592 diurn
220 4537 310 4608 ipsius
325 4539 449 4594 nemoris
463 4546 491 4594 et
505 4539 651 4595 descendit
666 4538 699 4593 ed
716 4542 821 4594 llumen
831 4535 912 4592 Aias·
969 4554 983 4584 ι
1007 4533 1068 4604 ipsa
1082 4532 1202 4589 ecclesia
1214 4531 1295 4588 vobis
1309 4531 1440 4587 absolute
1468 4531 1642 4601 remisimus,
1668 4539 1695 4587 et
1720 4530 1792 4587 tenl-

87 4649 103 4678 ιι
124 4643 175 4689 eae,
190 4627 349 4693 transitque
364 4626 457 4698 ipsum
473 4627 581 4683 {lumen
592 4628 802 4699 perierminum
815 4623 913 4682 Sancti
968 4646 982 4676 ιι
1004 4629 1132 4680 mentum
1145 4623 1176 4679 in
1189 4623 1266 4692 Syia,
1282 4623 1354 4691 quud
1372 4622 1416 4678 bis
1431 4621 1530 4678 divisis
1545 4630 1570 4678 ot
1583 4622 1792 4678 linibustermi-

88 4736 103 4764 ιι
123 4712 239 4779 vitalis,
254 4722 281 4770 et
297 4714 362 4770 ierit
375 4718 409 4770 aul
428 4714 539 4771 Vallon.
557 4714 752 4782 tornaricium,
767 4718 797 4770 et
811 4729 913 4771 ascen
968 4734 983 4765 ιι
1003 4721 1098 4772 natur.
1113 4713 1216 4783 lncipit
1231 4714 1259 4769 in
1276 4711 1407 4780 llumiur,
1423 4713 1497 4783 quod
1521 4712 1626 4769 dicitur
1653 4712 1742 4770 Loric.
1763 4720 1791 4770 et

90 4824 103 4856 ι
126 4804 168 4859 dit
184 4803 340 4874 peripsum
356 4803 456 4861 valon.
471 4805 506 4859 ad
523 4804 595 4858 riam
612 4805 647 4860 de
673 4804 860 4870 Pantenellis,
886 4810 914 4860 et
967 4826 983 4858 ιι
1004 4805 1080 4860 radit
1094 4821 1112 4860 a
1126 4805 1244 4860 meridie
1259 4805 1303 4858 ria
1319 4801 1432 4874 publica
1448 4819 1497 4873 per
1510 4801 1727 4859 vallembonam
1744 4818 1791 4860 us·

87 4914 104 4942 ι
128 4892 492 4964 raditipeaviausquead
514 4892 618 4961 locum,
646 4894 694 4962 qui
724 4893 829 4949 dicitur
858 4900 913 4950 tres
967 4915 983 4945 ιι
1003 4896 1106 4966 quoad
1124 4897 1231 4949 llumen
1247 4892 1405 4962 Arrcntiol,
1421 4899 1448 4946 et
1465 4893 1566 4948 transit
1584 4882 1636 4962 'pter
1662 4894 1790 4948 eamdem

89 5001 104 5031 ι
125 4997 193 5038 arar.
211 4981 240 5036 ltu
256 4998 272 5036 a
289 4989 366 5050 parte
380 4982 549 5037 occidentali
564 4982 712 5039 deseendit
727 4998 777 5055 per
795 4981 913 5039 lullon-
968 5006 982 5034 ιι
1004 4984 1077 5038 riam
1092 4983 1126 5038 ad
1144 4983 1235 5038 rirum
1252 4983 1302 5053 qui
1316 4982 1418 5038 dieitur
1434 4982 1567 5039 cassand.
1584 4990 1611 5038 et
1626 4983 1694 5038 iudc
1718 4983 1793 5040 rudit

87 5091 102 5123 ι
125 5069 191 5128 cell.
207 5071 242 5127 de
258 5069 410 5140 bubernet,
427 5071 474 5142 qui
487 5071 746 5141 mniunniturcum
755 5070 868 5129 vsttou.
879 5071 914 5128 de
969 5093 983 5124 ιι
1004 5087 1093 5142 usqne
1107 5072 1141 5127 ed
1157 5071 1258 5128 Maelo.
1274 5072 1309 5128 de
1323 5072 1409 5127 Aren.
1426 5075 1450 5126 Α
1465 5079 1542 5139 parte
1556 5080 1649 5126 autem
1661 5071 1790 5138 orientis,
1868 5120 1871 5125 .

87 5158 234 5224 «Ursule,
250 5166 279 5216 et
298 5160 445 5216 descendit
472 5176 489 5215 a
518 5168 596 5231 parte
621 5161 835 5232 septentriolanl
865 5176 914 5232 per
971 5159 1609 5230 aascenditaprediotallacledetranat
1630 5161 1719 5215 tendit
1742 5174 1792 5231 per
1868 5230 1871 5237 Ι

89 5270 105 5303 ι
127 5248 221 5318 ipsum
236 5246 401 5305 Vallon.de
422 5246 515 5316 Ursai,
545 5264 632 5318 usqae
659 5250 693 5304 ad
724 5256 913 5306 memoratum
968 5270 985 5302 ι
1003 5264 1105 5305 nemus
1120 5264 1208 5319 usqne
1222 5248 1255 5304 ad
1273 5249 1397 5317 serrem,
1412 5263 1475 5318 qua
1489 5247 1594 5303 dicitur
1607 5249 1704 5304 Sancti
1727 5255 1789 5305 ⁴tn·

88 5360 106 5391 ιι
126 5341 233 5397 flumen
250 5339 389 5409 usquead
404 5337 744 5406 Vellonem.quidicitur
759 5339 794 5393 de
815 5337 912 5395 clauc.
969 5360 982 5391 ι
1002 5337 1069 5410 geli,
1085 5346 1111 5394 et
1126 5338 1189 5394 terit
1203 5338 1238 5393 ad
1251 5337 1371 5404 oristas,
1392 5351 1455 5404 quse
1473 5337 1602 5392 dividunt
1631 5340 1789 5393 Mesocam·

88 5450 106 5482 ι
126 5436 155 5486 et
169 5428 297 5487 ascendit
312 5443 362 5499 per
376 5426 471 5499 ipsum
486 5426 603 5499 Velina,
612 5442 703 5500 usque
710 5430 744 5482 ad
754 5435 915 5498 terrasque
967 5448 984 5480 ι
1004 5442 1083 5499 pum.
1098 5436 1126 5485 et
1140 5426 1226 5501 Trag.
1241 5434 1270 5482 et
1283 5425 1470 5483 descenditin
1483 5426 1624 5483 directum
1634 5428 1667 5482 ad
1680 5430 1789 5483 numen
