3780 6000
84 266 139 323 907

523 222 526 227 ·
562 268 772 326 mutuemini
790 266 832 321 111
849 266 904 320 PP.
923 263 1167 322 massmanni
1186 268 1253 323 LlB.
1275 269 1335 324 vu.

1746 267 1800 324 398

86 390 180 459 sistis,
196 406 247 464 per
257 405 324 446 eum
339 391 443 448 devote
454 406 488 448 ae
499 390 652 447 humiliter
662 388 874 463 supplicantes,
885 389 918 444 ut
932 390 959 458 Α
975 386 1151 447 fraternitati
1177 393 1234 447 tue
1249 406 1301 463 per
1313 390 1472 463 apostolica
1495 392 1605 466 scripta
1621 394 1800 451 mandamns

87 480 171 539 vobis
196 480 392 537 transterendi
418 482 518 537 sedem
541 479 737 553 episcopalem
762 478 798 535 ad
820 476 917 534 locum

89 570 263 643 predictum
279 569 428 627 licentiam
446 570 652 643 preberemus.
666 568 726 624 Nos
742 573 850 636 autem,
868 583 919 640 pe·

89 657 222 716 titionem
229 663 355 716 vestram
366 659 463 715 lavore
472 659 550 715 sedis
559 657 726 731 apostolice
737 671 919 730 prosequen-

90 751 145 818 tes,
161 749 197 805 de
214 748 337 804 fratrum
355 754 523 804 nostrorum
536 747 671 813 coasilio,
685 756 715 803 ut
731 747 830 804 sedem
857 744 919 818 epi-

91 837 250 911 scopalem,
267 836 380 894 nullius
402 836 633 893 contradictione
654 835 700 892 vel
724 833 920 909 appellatione

91 927 237 993 obstante,
254 927 290 982 ad
306 925 403 981 locum
418 925 591 998 praedictum
606 925 781 982 auctoritate
801 928 920 997 aposto·

90 1014 148 1073 lina
161 1015 372 1085 transferretis,
387 1014 511 1071 liberam
527 1014 611 1071 vobis
620 1014 821 1071 concessimus
834 1013 923 1069 iacal·

90 1106 192 1161 tatem.
206 1102 339 1175 Cumque
349 1103 438 1175 juxta
451 1102 668 1176 indulgentiam
684 1107 814 1159 nostram
830 1103 860 1158 in
873 1117 922 1159 en-

91 1194 158 1250 deru
173 1193 290 1264 negotio
305 1192 462 1264 proaedere
485 1191 655 1260 curassetis,
682 1196 725 1260 tu,
751 1192 839 1247 trater
857 1193 921 1264 epi-

92 1298 190 1354 scope,
204 1296 270 1337 oum
279 1281 458 1354 quibusdam
471 1298 505 1337 ex
513 1280 662 1337 canonicis
671 1280 772 1336 taisad
783 1280 923 1353 apostoli·

93 1386 158 1428 cam
182 1371 281 1427 sedem
306 1371 459 1440 accedens,
492 1368 646 1426 humiliter
669 1368 854 1443 supplicasti,
880 1373 923 1440 ut,

93 1459 173 1532 quod
188 1459 345 1515 autoritate
365 1462 466 1515 nostra
488 1459 598 1515 iactum
619 1458 714 1514 iuerat
738 1458 773 1514 ds
795 1456 924 1515 transla·

93 1549 174 1606 tinas
195 1547 343 1621 predicta,
366 1546 526 1619 apostolico
548 1547 740 1620 dignaremur
760 1547 925 1604 munimine

95 1639 242 1695 roborare.
257 1637 326 1693 Tais
341 1637 442 1709 igitar,
455 1640 484 1694 et
498 1637 705 1694 canonicorum
717 1638 724 1692 i
729 1653 848 1709 psoram
865 1653 927 1710 pre·

94 1726 180 1784 cibas
193 1725 339 1796 inclinati,
355 1725 579 1783 translationem
594 1726 772 1799 episcopalis
801 1727 880 1784 sedis
895 1726 925 1784 in
940 1756 964 1822 B

93 1821 250 1872 sarzanam
267 1831 301 1872 aa
316 1815 498 1889 indulgentia
520 1816 600 1873 sedis
625 1816 790 1888 apostolica
805 1818 924 1889 tactam,

93 1905 264 1963 auctoritate
287 1906 449 1978 apostolica
472 1905 697 1976 confirmamus,
720 1915 772 1963 ato.
790 1907 927 1964 llecerni-

94 2011 161 2053 mus
177 2009 257 2066 ergo,
269 1998 324 2050 etc.

129 2085 236 2141 Datum
249 2084 395 2152 Laterani,
409 2101 460 2141 vrri
480 2084 625 2142 Kalendas
641 2084 760 2159 Aprilis.

473 2201 555 2258 XXV.

96 2312 197 2352 assant
221 2310 320 2351 seueri
350 2309 499 2362 sternuat,
523 2312 557 2350 m*
581 2310 725 2352 MAGISTRO
751 2310 927 2365 marnasco,

975 481 1122 548 qaamnus
1136 494 1280 551 personas
1297 480 1452 553 provincie
1477 484 1546 550 tue,
1561 498 1626 555 que
1651 482 1805 557 privilegia

975 582 1026 623 seu
1042 566 1244 641 indulgentias
1256 569 1291 627 ab
1303 569 1465 641 apostolica
1480 572 1547 628 aede
1564 577 1702 628 asserunt
1712 590 1744 630 se
1754 572 1804 631 ba-

976 655 1053 722 bere,
1067 657 1103 713 de
1117 657 1225 729 quibus
1241 659 1371 732 suspicio
1387 660 1491 717 merito
1501 660 1638 730 habetur,
1650 662 1686 716 ad
1701 667 1802 720 osten-

977 745 1088 803 sionem
1105 762 1216 819 eorum,
1228 749 1390 807 monitione
1405 751 1629 823 premissa‚per
1646 768 1800 809 censuram

976 833 1801 914 ecclesiasticam,appellationeremota,compatientiae

977 921 1129 980 siluerint
1153 923 1190 980 de
1216 925 1328 982 ratione
1358 931 1505 1000 suspecta,
1522 933 1623 985 nostro
1650 930 1802 1004 precipias

977 1013 1148 1084 conspectui
1163 1015 1344 1085 presentari,
1361 1021 1412 1072 aut
1439 1016 1504 1090 ipsa
1519 1018 1619 1076 tandiu
1639 1020 1717 1092 apud
1734 1020 1802 1076 reli·

977 1099 1077 1171 giosas
1093 1101 1217 1158 detineri
1233 1117 1384 1175 personas,
1408 1105 1501 1162 donec
1522 1122 1575 1179 per
1589 1108 1734 1181 scriptum
1750 1126 1800 1166 eo·

978 1205 1043 1245 rum
1060 1190 1187 1263 deipsis
1202 1190 1319 1264 plenam
1335 1193 1448 1250 notiam
1463 1194 1638 1265 habeamus,

1015 1277 1120 1335 [iatum
1137 1280 1284 1354 Laterani,
1298 1299 1329 1338 ιιι
1344 1282 1487 1342 Kalendas
1499 1285 1619 1358 Aprilis.

1296 1435 1398 1493 xxvii
1416 1437 1474 1510 (ιι)

1123 1547 1222 1588 ratam
1241 1549 1339 1590 sancta
1355 1550 1494 1591 ermenarii
1510 1551 1656 1592 remansis.

981 1631 1108 1702 Causam,
1122 1647 1182 1703 qne
1197 1632 1271 1688 inter·
1283 1633 1376 1704 ipram
1390 1637 1416 1688 et
1431 1633 1465 1689 a.
1480 1634 1636 1706 episcopum
1650 1635 1804 1691 Venenum

1016 1718 1098 1774 super
1118 1705 1232 1759 ercinia
1255 1704 1283 1759 S.
1304 1705 1439 1777 Stephani
1456 1705 1624 1773 vertebatur,
1643 1706 1808 1765 auctoritate

1014 1775 1164 1846 apostolico
1177 1774 1299 1831 dirimit.

1183 1880 1346 1953 (Anagnia,
1361 1897 1379 1935 v
1394 1881 1454 1938 tial.
1477 1882 1600 1952 Martii.)

1015 1997 1098 2069 [Cum
1113 1996 1289 2053 venerabilis
1304 1997 1394 2054 irater
1418 2002 1532 2068 noster,
1547 2003 1586 2069 lt,
1602 1998 1659 2072 (95)
1674 2001 1807 2056 formate

980 2085 1036 2158 (96)
1052 2084 1208 2157 episcopus
1222 2086 1231 2158 ]
1247 2089 1276 2141 ct
1288 2089 1332 2153 tu,
1347 2085 1376 2141 ia
1394 2091 1495 2143 nostra
1517 2087 1622 2144 essetis
1651 2088 1807 2161 prasentia

980 2172 1145 2243 constituti,
1160 2177 1189 2230 ct
1217 2175 1251 2231 de
1266 2175 1438 2246 questione,
1454 2175 1612 2246 quainter
1638 2192 1690 2232 ves
1719 2191 1809 2249 super

980 2261 1106 2318 ecclesia
1119 2262 1218 2318 Sancti
1234 2262 1375 2335 Stephani
1402 2263 1543 2320 Fanensis
1558 2265 1737 2333 vertebatur,
1747 2265 1809 2321 vel·

345 2381 488 2422 Momm
504 2382 685 2423 nomm,
979 2349 1047 2408 letis
1071 2351 1107 2406 ad
1132 2349 1256 2407 invicem
1276 2351 1401 2424 litigare,
1420 2351 1562 2408 dilectum
1587 2352 1691 2419 tilium,
1705 2353 1732 2410 J.
1750 2350 1808 2426 (97)

98 2459 137 2513 De
150 2453 298 2521 sententia,
311 2455 341 2510 in
355 2470 440 2510 canae
455 2456 587 2527 quodam,
603 2470 666 2527 qaae
680 2454 725 2513 bie
737 2471 791 2511 aon
802 2454 928 2511 declara·
982 2439 1059 2496 muli
1075 2440 1188 2497 Sflsssslffl
1204 2441 1224 2495 Ρ
1227 2441 1308 2496 ‘lm
1335 2441 1550 2514 lli⁰⁸bil0i¹¹fflr
1566 2445 1596 2497 0²
1618 2441 1646 2498 J·
1664 2443 1723 2515 (98)
1737 2443 1812 2499 3⁸¹¹·

389 2531 450 2592 iar,
466 2526 636 2599 abroganda.

289 2614 446 2686 (Laterani,
463 2631 499 2671 av
514 2614 590 2682 Kal„
608 2614 739 2688 Aprilis.)
981 2620 1029 2678 bis
1043 2619 1247 2676 concessimus
1258 2618 1418 2690 auditores,
1430 2635 1528 2677 coram
1539 2619 1648 2692 quibus
1658 2619 1811 2694 allegando

134 2711 244 2768 llilseto
262 2709 332 2779 lilio,
354 2716 385 2768 G.
409 2709 524 2781 clerico,
550 2715 605 2768 etc.
633 2727 718 2786 usqae
744 2712 929 2783 mandamus,
982 2723 1146 2782 proponere
1170 2708 1321 2778 curavisti,
1338 2709 1414 2781 quod
1439 2725 1506 2765 cum
1532 2709 1671 2781 praedicta
1687 2709 1810 2766 ecclesia

99 2802 246 2872 quatenus
261 2798 813 2874 inquiratisdepremissisdiligentius
826 2801 931 2858 verita·
982 2797 1081 2855 Sancti
1096 2795 1249 2869 Stephani,
1270 2799 1464 2869 quarumdam
1482 2797 1669 2868 monialium,
1692 2814 1757 2870 qua
1780 2799 1810 2854 la

101 2893 173 2953 tem,
190 2894 229 2954 ct,
245 2888 271 2944 ai
287 2889 383 2945 eidem
399 2887 515 2944 mulieri
529 2889 670 2946 noveritis
689 2889 867 2962 aproedictis
881 2906 930 2946 ca·
983 2903 1017 2944 ea
1032 2886 1271 2943 videbantursub
1284 2886 1436 2960 religionis
1446 2886 1547 2944 babitu
1559 2889 1737 2959 conversari,
1748 2902 1810 2943 ma·

983 2536 1035 2589 cte
1049 2529 1146 2586 Maria
1157 2528 1187 2585 in
1203 2528 1378 2587 Cosmediuo
1389 2530 1559 2602 diaconum,
1571 2531 1748 2597 cardinales,
1761 2548 1812 2588 vn·

105 2977 230 3048 manicis,
243 2994 301 3034 non
316 2977 452 3035 obstante
463 2977 667 3051 appellatione,
677 2995 766 3051 quam
778 2995 868 3051 super
879 2978 932 3035 boc
984 2975 1051 3032 licia
1065 2975 1200 3047 iaciente,
1219 2975 1307 3032 luerit
1320 2976 1379 3033 iere
1392 2977 1428 3032 ad
1444 2976 1658 3034 desolationem
1681 2977 1810 3045 redeam,

103 3067 139 3125 ab
158 3067 223 3140 ipso
250 3067 356 3123 abbate
371 3082 402 3123 se
418 3073 555 3123 asserunt
578 3067 724 3137 emisisse,
740 3084 805 3123 cum
823 3067 865 3123 illi
880 3084 932 3141 per
986 3062 1052 3119 illas
1068 3063 1150 3120 bone
1179 3065 1325 3121 memorie
1350 3065 1381 3122 C.
1397 3065 1455 3137 (99)
1471 3065 1613 3122 Fanensis
1642 3064 1810 3138 episcopua,

104 3155 336 3228 subsequentem
352 3157 569 3212 concessionem
583 3157 872 3227 parendosententie
887 3172 930 3213 re·
987 3154 1161 3210 auctoritate
1178 3152 1271 3211 lelicis
1286 3154 1496 3211 recordationis
1507 3154 1630 3227 Eugenii
1645 3154 1811 3228 Papepre·

103 3243 258 3300 nuntiasse
274 3243 392 3316 penitus
407 3244 572 3312 videantur,
585 3244 698 3301 laniatis
712 3260 931 3318 percensuram
984 3242 1149 3299 decessoris
1165 3242 1269 3309 nostri,
1284 3243 1321 3298 ab
1342 3242 1465 3299 ecclesia
1490 3247 1653 3300 memorata
1678 3244 1811 3312 removit,

102 3335 331 3392 ecelesiasticam
349 3336 415 3393 siae
435 3335 609 3392 diillualtate
634 3337 765 3394 concedi.
782 3336 931 3407 Alioquin,
984 3335 1013 3386 et
1028 3331 1185 3388 canonicos
1197 3332 1227 3387 in
1243 3332 1309 3404 ipsa
1324 3331 1453 3388 instituit
1464 3332 1625 3406 regulares,
1637 3336 1813 3389 statuenout

101 3425 321 3498 ipsiusabbatis
335 3425 815 3492 sententiam‚auctoritatenostra
825 3425 930 3481 suiiul·
985 3421 1056 3476 ardo
1072 3420 1230 3477 canonicus
1246 3421 1399 3493 perpetuis
1414 3421 1444 3477 ia
1459 3436 1494 3478 ea
1508 3422 1690 3492 temporibus
1709 3422 1814 3477 debeat

41 3544 46 3551 ·
104 3511 138 3579 ti,
154 3511 249 3582 quoad
264 3511 343 3567 hunc
359 3511 529 3582 articulum,
543 3512 659 3583 penitus
671 3512 809 3582 irretetis,
819 3529 886 3568 oum
900 3513 930 3570 in
984 3509 1144 3579 observari,
1155 3514 1184 3565 et
1195 3526 1260 3567 eam
1272 3510 1308 3566 ab
1320 3510 1401 3567 omni
1413 3510 1573 3579 exactione,
1586 3514 1646 3567 tam
1658 3526 1712 3567 sua
1722 3525 1810 3581 quam

102 3599 158 3654 han
173 3603 256 3671 parte
271 3603 374 3655 contra
388 3600 497 3671 peracti
517 3605 649 3657 tenorem
666 3601 704 3656 sit
719 3618 853 3674 expresse
862 3618 930 3674 pro·
984 3614 1191 3655 successorum
1207 3615 1328 3655 suarum
1344 3608 1368 3655 et
1387 3598 1529 3655 Fanensis
1545 3597 1675 3655 ecclesie
1689 3614 1811 3670 prorsas

102 3686 838 3756 latalnaliisautemarticulis‚latamsententiam
847 3707 928 3747 aran·
983 3687 1120 3758 absolvit,
1145 3692 1258 3744 retento
1279 3687 1384 3745 sibiet
1406 3686 1535 3744 ecclesia
1558 3704 1618 3744 sue
1643 3704 1701 3743 uno
1728 3703 1810 3744 cereo

102 3775 208 3833 damus
238 3776 363 3833 firmiter
383 3778 611 3835 observandum.
627 3782 738 3848 Testes,
757 3784 811 3836 etc.
834 3779 929 3837 Nullis
983 3775 1808 3849 triumlibrarum,abeaannissingulisexsolvead03et,

102 3865 220 3935 litteris,
240 3871 295 3923 eto.
984 3862 1809 3938 quiapradictusepiscapustesuperlibertatepraedicta,

139 3959 243 4012 Datum
259 3954 398 4024 Laterini,
415 3972 450 4013 xv
466 3955 611 4013 Kalendas
628 3956 745 4030 Aprilis.
982 3957 1042 4009 tam
1059 3970 1076 4008 a
1092 3953 1186 4011 ialicis
1202 3954 1352 4011 memorie
1365 3953 1521 4011 caelestino
1544 3969 1631 4027 papa,
1648 3953 1809 4026 predeces-

464 4062 565 4119 χχχι(Ι
982 4059 1047 4098 sore
1063 4047 1175 4111 nostro,
1185 4058 1274 4115 quam
1286 4061 1302 4099 a
1312 4042 1399 4099 nobis
1411 4043 1500 4100 etiam
1514 4043 1699 4111 confirmata,
1711 4041 1810 4098 multi·

981 4130 1096 4204 pliciter
1104 4133 1293 4204 aggravabat,
1303 4131 1497 4204 apostolicum
1508 4131 1563 4187 tibi
1575 4131 1704 4205 petivisti
1715 4135 1811 4203 patro·

981 4221 1092 4278 oinium
1107 4221 1272 4295 suffragari.
1288 4221 1691 4295 Predictusvcroepiscopua
1704 4236 1810 4294 propo·

980 4313 1040 4370 suit
1055 4328 1090 4369 ex
1104 4311 1235 4379 adverso,
1251 4311 1328 4383 quod
1345 4310 1528 4384 privilegium
1540 4310 1671 4383 praedicti
1695 4310 1809 4382 prade-

980 4402 1107 4459 ceasoris
1122 4401 1168 4457 sui
1185 4399 1241 4457 sibi
1256 4406 1285 4456 et
1300 4399 1429 4457 ecclesie
1445 4416 1507 4456 sure
1530 4398 1646 4455 nullum
1671 4398 1808 4471 praejudi-

103 4241 135 4300 or
158 4240 318 4315 inquiratur
332 4257 415 4316 saper
440 4153 598 4370 ἔνιύἒξέφῖἶι
625 4251 652 4300 et
680 4244 862 4317 indulgentiis
883 4263 925 4301 su·

294 4329 506 4473 (Lataraaiffi
522 4330 582 4459 libi.
599 4401 730 4475 Aprilis.)

134 4496 209 4550 Cum
225 4490 285 4548 sint
299 4490 660 4564 diligentiaainquireada
672 4507 738 4563 que
748 4508 864 4564 gravem
877 4510 926 4550 su·
943 4490 966 4556 1)
982 4493 1059 4549 cium
1075 4491 1230 4559 interebat,
1245 4490 1313 4561 quia
1327 4506 1361 4547 eo
1375 4495 1508 4562 tempora
1522 4504 1579 4562 quo
1595 4488 1668 4545 illud
1685 4489 1808 4546 indulsit

100 4582 251 4654 apciouem
267 4580 422 4649 inducant,
439 4581 517 4637 unde
534 4585 634 4652 posset
648 4596 735 4653 grave
751 4582 925 4638 scandalum
980 4582 1109 4640 ecclesie
1125 4584 1291 4636 memorate
1303 4579 1486 4652 episcopatui
1495 4578 1668 4652 resignarat,
1680 4583 1710 4634 et
1723 4578 1805 4635 habi·

99 4669 239 4736 suboriri,
255 4669 280 4725 si
296 4668 591 4742 praetermitterentur
607 4669 925 4744 segnitcrindiscnssa,
980 4678 1043 4730 tum
1060 4670 1089 4726 in
1105 4669 1169 4741 ipsa
1184 4668 1308 4724 ecclesia
1332 4672 1482 4742 receperat
1505 4667 1682 4741 regularem,
1697 4669 1808 4740 etpost

99 4812 195 4870 tiones
210 4816 239 4868 et
254 4810 484 4884 permutationes
499 4811 597 4868 interi
622 4828 688 4869 sum
712 4829 746 4869 ac
768 4814 924 4870 canonicos
1014 4813 1070 4879 (96)
1083 4810 1114 4865 ln
1131 4811 1239 4866 decret.
1255 4811 1394 4878 Fauentia,

101 4883 259 4951 Lunenses,
277 4882 436 4956 diplomata
447 4885 525 4955 quod
539 4884 587 4955 qui
612 4901 656 4940 em
673 4883 767 4967 legera
787 4890 832 4940 est
846 4887 924 4957 apud
1016 4885 1072 4956 (97)
1087 4882 1127 4938 lie
1142 4883 1198 4936 isto
1210 4882 1273 4952 jam
1289 4881 1401 4938 dictum
1417 4885 1462 4938 est
1477 4880 1595 4954 sapius.

100 4954 266 5038 Ugbcllnm.
276 4955 325 5010 sed
338 4955 366 5009 in
380 4955 504 5026 regestis
515 4955 623 5011 trustra
635 4960 809 5027 requiretur.
822 4960 923 5013 l‘ervo-
1014 4955 1071 5027 (98)
1083 4954 1224 5022 tirannos,
1234 4969 1331 5009 comes
1345 4953 1529 5026 Anagninos,
1538 4952 1641 5010 iacobi
1652 4951 1769 5010 comitis
1778 4956 1808 5009 et

100 5030 144 5082 nrt
158 5026 316 5083 Guallorus
326 5027 360 5080 ad
373 5042 483 5080 annum
498 5026 575 5091 tat-3,
587 5028 665 5097 ιμιοι]
678 5044 693 5083 e
704 5028 776 5082 vivis
787 5027 923 5083 sublatus
979 5028 1099 5084 Andreae
1116 5041 1275 5095 germanus
1290 5025 1389 5092 irater,
1407 5025 1568 5082 iunocentii
1580 5025 1633 5080 PP.
1646 5024 1682 5079 lll
1697 5023 1805 5090 ailinis,

98 5102 153 5168 est,
170 5097 276 5171 presul
293 5104 401 5153 aterna
417 5098 559 5154 memoria
583 5100 693 5171 diguus
717 5098 842 5155 Unnsau.
861 5100 921 5155 ltol.
977 5118 1011 5157 cx
1028 5098 1197 5170 Capeliano,
1214 5114 1292 5152 anno
1307 5097 1386 5164 1299,
1399 5097 1585 5153 renuntiatus
1598 5095 1653 5151 tuit
1664 5095 1807 5151 diaconus

96 5185 168 5225 socr.
184 5179 204 5226 t.
223 5171 242 5237 l,
257 5170 308 5223 rel.
324 5169 386 5224 916.
978 5169 1134 5228 carnadilis
1150 5168 1284 5224 S.·Marie
1295 5167 1324 5224 in
1340 5168 1686 5231 Gasmadinn.etsanctra
1702 5167 1806 5222 liema-

134 5242 191 5309 (93)
207 5241 395 5296 Desideratur
410 5239 572 5310 inscriptio.
978 5261 1021 5299 nar
1036 5240 1164 5297 eeclesia
1174 5239 1377 5296 cancellarius.
1392 5241 1523 5296 llxressit
1533 5256 1549 5295 e
1560 5239 1618 5293 vila
1633 5255 1711 5293 anno
1723 5238 1805 5294 1213.

135 5312 190 5383 (illl
207 5313 414 5382 Fragmentum
431 5310 520 5379 buius
534 5311 663 5381 epistola
687 5312 831 5382 reperitur
847 5313 924 5368 iuter
1013 5317 1068 5384 (99)
1086 5312 1258 5383 lnrparieotn
1276 5311 1398 5366 nimium
1410 5312 1615 5382 episcoporum
1626 5309 1803 5365 Fanenslnm

978 5387 1069 5440 serios
1083 5382 1298 5455 chronologica,
1310 5383 1386 5452 apud
1406 5382 1559 5455 Ugbcllnm
1572 5382 1644 5450 litat.
1659 5396 1733 5435 saer.
1745 5385 1767 5435 t.
1784 5379 1805 5448 l,

977 5456 1030 5513 col.
1046 5456 1110 5523 710)
1126 5455 1251 5519 ιιιι11ιιιιι,
1268 5454 1345 5508 circa
1357 5456 1489 5525 tempora
1505 5451 1625 5579 [ingenii
1639 5454 1693 5505 PP.
1707 5451 1757 5519 ill,
1773 5451 1802 5506 id

975 5533 1021 5585 est
1033 5526 1070 5582 ab
1083 5543 1159 5582 anno
1176 5526 1255 5593 lll5,
1266 5541 1360 5596 usque
1374 5525 1410 5582 ad
1421 5542 1532 5582 annum
1562 5522 1623 5588 153,
1637 5524 1803 5579 Faacosem

975 5598 1145 5672 episcopum
1162 5600 1317 5656 memorat.

100 5382 276 5444 Decretales.
294 5383 343 5436 lib.
362 5399 406 5444 ιιι,
426 5382 471 5436 tlt.
495 5382 541 5451 39,
559 5384 594 5437 lle
613 5385 748 5447 censibus,
766 5384 922 5440 exactioni·

102 5457 151 5513 tas
166 5453 456 5526 etprocarutionibua.
468 5470 532 5524 cap.
548 5457 593 5508 21.
619 5454 755 5520 Qirmillic
771 5455 918 5527 leguntur,

99 5524 919 5591 biennaleinclusaaunt3varimetiomlectionesdantur.

134 5599 193 5670 (95)
204 5598 276 5655 Vide
289 5596 444 5672 epistolam
460 5595 527 5653 libri
542 5597 616 5654 sexti
633 5600 693 5670 180,
710 5602 771 5655 not.
