3780 6000
41 202 97 257 653
549 197 804 255 obtineremus
822 197 919 253 ANNO
940 197 1255 266 tt11,ctttt1stttaot.
1701 208 1754 265 651

42 349 57 379 ι
77 326 236 398 Speremus
250 327 329 383 enim
344 327 375 382 in
392 325 512 384 Domino
527 322 605 393 iesu,
622 325 697 396 quod
715 327 766 396 qut
789 323 874 394 coepit
888 331 917 395 Α
929 345 943 372 ιι
971 323 1147 380 sut'ltciemes
1162 325 1254 383 simus
1267 343 1299 384 es
1316 328 1412 397 nobis,
1434 347 1546 400 sperare
1569 334 1708 391 audemus
1724 335 1754 391 ln

45 438 57 465 ι
80 417 114 473 11
130 415 218 472 nobie
235 431 307 486 opus
323 425 430 472 bonum
446 416 480 469 ad
498 415 612 470 laudeni
630 423 656 469 at
680 415 798 486 gloriam
824 429 877 468 no·
930 434 946 462 ιι
967 412 1099 482 Domino,
1112 419 1184 484 quod
1198 420 1332 487 gaudium
1346 420 1753 479 llomioisitlertitutlonostra

44 527 60 557 ιι
80 506 174 562 minis
184 506 241 573 sui,
253 506 437 562 inimicorum
447 506 764 575 crucisdeprassionem
778 518 879 574 perpe·
931 525 946 553 ιι
969 505 1003 559 ad
1015 510 1386 564 evacueudntnscandatum
1396 509 1499 574 crucis,
1511 512 1752 582 etsubjiciendam

46 617 61 646 ι
83 603 167 652 tuem
179 595 319 666 perficiat,
335 593 517 650 eonlirmebit
533 593 738 665 solidabitque.
755 592 880 648 11111111-
932 613 948 643 ι
968 593 997 649 11
1014 595 1095 648 terris
1109 611 1226 650 omnem
1242 599 1431 654 attrersnriam
1451 604 1617 669 potestatem
1643 605 1755 665 erigen-

46 703 61 731 ιι
84 692 176 739 tatem
192 685 278 754 igitur
294 699 415 739 restrum
433 685 601 752 propensius
618 698 768 738 exoramus
782 685 811 736 et
825 681 880 735 ob·
933 703 949 732 ιι
970 689 1025 738 tem
1042 699 1071 737 te
1084 684 1217 740 adversus
1233 684 1386 741 Dominum
1407 694 1434 742 et
1454 689 1589 743 adversus
1613 690 1756 744 Christum

44 792 60 823 ιι
78 789 231 830 mentitus
247 775 274 827 in
295 773 424 838 ilenrico,
442 780 472 826 ut
484 771 582 841 glonte
600 772 685 843 bujus
696 782 780 841 atque
794 774 882 824 ricto·
935 792 950 821 ιι
970 772 1038 841 ejus
1056 771 1267 840 Recordamini,
1284 773 1364 829 Pater
1379 781 1486 841 sancte,
1502 776 1643 833 cathedre
1657 782 1757 833 vestre

48 882 60 912 ι
81 865 146 929 risa,
174 871 201 920 et
225 863 285 934 spei
306 870 477 933 praeoptatae,
508 863 591 932 cuius
617 861 722 917 ostium
745 874 882 929 magnum
935 882 949 911 ι
971 876 1124 930 sessorum,
1140 877 1259 930 quorum
1279 864 1307 917 in
1325 863 1397 918 coelo
1412 865 1536 931 gaudem
1551 865 1668 933 animae,
1683 873 1710 921 et
1724 866 1757 920 iu

43 974 59 1004 ι
80 953 375 1023 nobisepertumest,
405 952 549 1020 principos
573 949 884 1006 essoretitisetduces
937 969 952 998 ιι
972 950 1274 1021 terrisvivitgloriosa
1294 952 1440 1019 memoria,
1464 954 1598 1021 loannis,
1624 955 1758 1026 agapeti,

48 1063 64 1092 ι
82 1040 252 1112 vestrisque
263 1040 440 1110 temporibus
454 1049 481 1094 et
494 1039 628 1110 operibus
643 1037 885 1094 ascribatisdecus
936 1060 952 1089 ιι
973 1048 998 1095 et
1015 1040 1129 1103 1111111,
1145 1041 1302 1096 stallorum
1326 1043 1376 1113 qui
1400 1058 1435 1097 ex
1459 1044 1542 1099 variis
1567 1045 1661 1100 causis
1685 1047 1760 1103 Con·

46 1152 62 1181 ιι
82 1139 241 1198 aternum,
256 1132 329 1201 quod
343 1128 451 1200 absque
467 1127 712 1185 ulladubitntioue
725 1126 806 1183 vobis
820 1140 885 1180 oon·
938 1148 953 1178 ι
974 1127 1253 1197 staminopolitanam
1265 1131 1395 1200 leguntur
1407 1131 1561 1187 Ecclesiam
1574 1133 1760 1202 presentiali-

48 1242 64 1270 ιι
86 1220 192 1286 tinget,
220 1217 246 1273 si
274 1217 436 1289 apostolice
468 1216 611 1273 sanctitati
641 1218 768 1281 devotos,
801 1211 887 1270 rastri
939 1238 954 1267 ιι
974 1227 1017 1274 ter
1039 1219 1176 1283 visitasse,
1197 1221 1272 1275 sicut
1293 1221 1321 1274 in
1345 1220 1513 1290 apostolicis
1537 1222 1761 1278 contineturer·

51 1331 66 1366 1
86 1309 235 1381 praecipue
251 1307 362 1362 incolas
376 1306 545 1375 occidentis,
563 1305 675 1362 nobiles
690 1311 718 1362 et
733 1303 885 1374 ignobiles,
939 1327 955 1356 ιι
976 1305 1089 1374 obiviis,
1100 1315 1127 1362 et
1138 1307 1292 1364 invenietis
1304 1309 1463 1369 manifeste.
1475 1310 1499 1364 si
1509 1326 1560 1366 nos
1571 1309 1617 1380 qui
1628 1318 1763 1367 esserunt
1815 1354 1818 1359 .

51 1422 67 1451 ι
86 1396 247 1468 cujuslibet
263 1397 438 1452 conditionis
454 1406 500 1451 aut
515 1412 611 1463 sexus,
631 1397 724 1452 eidem
739 1392 888 1450 desideriis
940 1415 954 1445 ι
976 1393 1132 1462 selegisse,
1149 1411 1206 1451 non
1223 1396 1333 1462 tellum,
1350 1400 1423 1466 quod
1441 1414 1490 1466 pro
1504 1399 1693 1470 causielonge
1708 1400 1761 1455 mi·

54 1509 70 1538 ι
91 1502 246 1554 accensos,
263 1488 296 1540 ed
321 1502 402 1542 teras
428 1486 642 1556 immensasque
668 1485 780 1539 diuitias
804 1496 888 1550 cape·
940 1504 955 1533 ιι
977 1486 1095 1539 naribus
1109 1500 1207 1540 eorum
1223 1486 1341 1555 quilibet
1355 1487 1524 1542 adventarit.
1540 1490 1570 1542 Si
1593 1489 1710 1558 quidem
1726 1504 1761 1545 ex

54 1598 70 1627 ι
89 1576 225 1642 soeudas,
242 1574 413 1645 temporales
430 1575 533 1645 pariter
548 1583 574 1630 ct
598 1587 729 1640 eternas,
751 1571 887 1628 salutari·
943 1594 953 1621 ι
975 1574 1084 1628 ardenti
1095 1572 1248 1638 desiderio,
1261 1573 1334 1629 ultra
1347 1590 1432 1645 quern
1446 1577 1536 1641 decet,
1548 1577 1715 1647 ingerimus,
1727 1592 1763 1633 ex

56 1686 71 1717 ιι
90 1664 148 1721 btts
177 1664 295 1720 monitis
322 1666 505 1732 accendatiS,
534 1665 677 1734 proposita
706 1661 885 1717 venienttbus
942 1683 956 1712 ιι
978 1662 1153 1731 benignitate
1168 1674 1316 1728 consueta,
1332 1665 1484 1720 reverende
1504 1666 1598 1733 Pater,
1614 1665 1764 1737 ignoscite,

55 1775 70 1803 ιι
89 1752 231 1810 omnibus
245 1751 398 1822 apostolica
410 1752 600 1823 indulgentia,
617 1751 699 1807 nobis
713 1759 741 1806 et
764 1748 884 1818 imperio
900 1711 927 1775 B
943 1771 958 1801 ιι
974 1751 1164 1822 allectutnque
1180 1760 1319 1819 nostrum,
1335 1754 1502 1824 apicemque
1518 1753 1635 1824 negotii,
1647 1754 1766 1811 ulterius

57 1866 72 1895 ιι
91 1855 209 1912 nostro,
233 1851 280 1898 aut
303 1842 508 1912 temporaliter,
533 1848 582 1898 aut
607 1850 742 1912 perpetuo
767 1840 889 1894 fideltter
940 1864 956 1893 ι
976 1852 1002 1897 et
1017 1841 1210 1914 potiusquam
1226 1843 1318 1910 rerba,
1334 1843 1559 1913 spectatalttnd
1575 1846 1766 1902 aolemsllcte

57 1954 72 1983 ιι
95 1928 888 1997 servituris.Universisenim,l)eodante,sufficimus
941 1951 956 1980 ιι
977 1929 1057 1984 nulla
1073 1931 1182 1986 ratione
1197 1931 1431 2001 debemus,quod
1445 1932 1767 2002 reverendipontiltcee,
1868 1952 1870 1958 ·

58 2045 70 2073 ι
94 2038 172 2094 quos
188 2021 449 2079 nobistlbristiante
465 2022 611 2093 religionis
625 2019 701 2077 zelus
720 2019 886 2087 adduxerit3
942 2039 956 2068 ι
977 2027 1003 2075 et
1019 2018 1136 2074 abbates
1150 2021 1249 2085 nostri,
1266 2027 1292 2075 et
1316 2019 1458 2075 interioris
1479 2026 1570 2076 status
1591 2021 1767 2081 venerabilis

58 2130 70 2162 ι
92 2112 246 2168 universos
262 2112 391 2167 volumus
407 2111 493 2166 sitnul
510 2119 536 2165 et
552 2125 718 2182 possumus,
730 2111 888 2164 secundum
945 2127 956 2157 ι
977 2108 1082 2174 clerus,
1099 2113 1159 2164 lem
1174 2108 1324 2178 magnilica
1340 2124 1373 2164 ac
1397 2109 1541 2175 decenter,
1566 2115 1623 2166 tam
1649 2111 1767 2168 boneste

56 2222 72 2250 ι
94 2207 190 2256 status
205 2215 271 2256 suos
287 2200 506 2269 varietatemque
523 2199 710 2259 naturalium,
735 2203 764 2254 et
787 2211 891 2260 augere
943 2218 957 2247 ιι
979 2197 1052 2253 imer
1074 2213 1127 2252 nos
1152 2213 1182 2252 se
1203 2197 1299 2253 babuit
1324 2212 1357 2254 nc
1382 2199 1545 2268 prudenter,
1562 2203 1591 2253 et
1604 2200 1694 2255 armis
1708 2199 1768 2256 Deo

59 2309 75 2338 ιι
96 2287 219 2357 divitiis,
235 2293 263 2345 et
279 2287 434 2344 bonoribus
448 2288 596 2357 ampliare.
609 2288 889 2357 Speeialiteruutetn,
943 2308 958 2337 ιι
980 2289 1142 2358 potentibus
1159 2297 1214 2342 tam
1228 2295 1393 2343 constanter
1407 2305 1441 2342 ao
1458 2288 1666 2349 triomphaliter
1680 2291 1768 2347 dimi·

59 2399 75 2429 «
96 2377 159 2433 Deo
174 2375 324 2442 amabiles,
340 2377 549 2434 ecclesiasticos
564 2377 647 2441 viros,
660 2375 814 2446 cujuslibet
824 2373 891 2429 reli·
944 2398 959 2426 ιι
982 2376 1065 2442 eavit,
1081 2384 1109 2430 ut
1121 2392 1254 2432 coronent
1267 2376 1437 2433 victoriaede
1448 2392 1533 2432 manu
1544 2377 1770 2434 Dotuinimerito

57 2487 74 2515 ιι
95 2465 196 2537 gionis
211 2475 258 2521 eut
274 2465 355 2532 ritus,
372 2465 534 2523 sollicitudo
550 2475 638 2521 vestra
656 2471 774 2536 paterna
791 2473 892 2535 poten·
946 2485 959 2516 ι
980 2464 1100 2520 debeam
1113 2475 1287 2536 exspectare,
1304 2473 1331 2520 et
1346 2481 1444 2521 eorum
1464 2467 1494 2521 in
1517 2472 1684 2537 perpetuum
1708 2481 1770 2524 esse
1865 2524 1870 2531 ,

62 2578 74 2605 ι
100 2568 146 2612 ter
160 2555 290 2621 inducat,
308 2554 387 2609 ulad
405 2556 479 2610 idom
496 2556 632 2625 populum
645 2550 894 2624 predicationibus
945 2575 960 2603 ιι
982 2553 1118 2609 meruerit
1132 2556 1159 2608 in
1172 2554 1371 2609 benedictione
1383 2555 1578 2624 tnernoria‚et,
1591 2570 1627 2611 ne
1646 2556 1712 2626 quid
1730 2555 1772 2611 eis

60 2666 76 2695 ιι
100 2643 228 2715 publicis
241 2649 270 2699 ct
285 2642 448 2714 potentibus
462 2643 556 2698 verbis
571 2646 740 2708 accendant,
756 2648 783 2696 et
795 2655 890 2695 exem·
946 2663 961 2692 ιι
982 2642 1012 2696 11
1036 2641 1092 2697 ulla
1112 2642 1199 2711 gratia
1220 2643 1303 2712 desit,
1325 2643 1475 2714 apostolici
1500 2644 1615 2713 luroris,
1630 2652 1657 2699 et
1673 2650 1772 2713 grette

66 2755 82 2784 ιι
103 2733 162 2804 plis
176 2734 324 2799 edoceam,
340 2733 561 2803 catervatimque
576 2741 603 2786 et
617 2731 670 2800 ipsi
696 2729 795 2787 venire
817 2728 894 2784 lesti-
948 2753 962 2782 ιι
982 2731 1130 2786 cumulum
1149 2748 1197 2802 pro
1213 2739 1268 2787 tam
1287 2736 1358 2787 bene
1376 2733 1484 2788 meritis
1499 2733 1660 2789 evidentius
1675 2749 1772 2804 repor-

63 2846 79 2875 ιι
100 2830 173 2880 nent
187 2820 217 2877 iu
235 2821 304 2877 locis
318 2820 523 2878 emoenissimis
536 2831 563 2876 et
580 2820 740 2889 uberrimis,
765 2835 822 2874 uon
835 2818 894 2887 jam
947 2842 962 2871 ιι
983 2829 1044 2875 tare
1072 2820 1216 2876 illustrem
1232 2821 1334 2887 virum,
1353 2821 1387 2874 ll.
1401 2820 1521 2889 Dantlal,
1534 2822 1635 2877 docem
1647 2821 1772 2879 Venato-

65 2932 81 2965 ι
102 2909 302 2981 insanguine,
318 2911 367 2966 sed
383 2914 413 2966 iu
431 2910 518 2965 multa
535 2910 676 2973 libertato,
697 2916 723 2965 ot
739 2923 818 2982 pace,
833 2923 895 2962 om·
948 2928 963 2958 ιι
985 2924 1060 2970 rom,
1076 2909 1212 2965 rltlectum
1229 2909 1360 2963 nobisne
1377 2914 1478 2963 mortio
1492 2909 1680 2979 diltgeudum,
1704 2925 1770 2968 cum

66 3024 79 3051 ι
101 3002 243 3071 niumque
259 2999 719 3056 bonorumatnuanttauoolestarn
732 2995 896 3068 plantaturi,
950 3016 965 3045 ιι
984 2997 1129 3053 amicisac
1144 2998 1231 3052 sociis
1252 2995 1357 3051 nostris
1382 2998 1498 3052 Venetis
1520 3013 1591 3068 quos
1614 2999 1713 3054 lidolos
1738 3014 1773 3056 ao

65 3114 81 3143 ιι
102 3090 183 3145 salsa
198 3104 322 3159 semper,
340 3094 370 3143 ut
384 3089 475 3158 decet,
491 3105 607 3145 suorum
624 3090 763 3145 canonica
780 3085 896 3142 licentia
909 3067 935 3133 C
949 3105 964 3134 ιι
985 3084 1140 3141 industrios
1151 3101 1199 3155 per
1209 3091 1314 3141 cuncta
1325 3085 1492 3152 reperimus,
1504 3086 1663 3156 paternitati
1674 3095 1775 3143 restrae
1846 3130 1850 3137 .

64 3202 81 3231 ι
105 3177 299 3249 praelatorum.
316 3178 359 3232 dd
376 3178 490 3233 laudem
506 3179 592 3234 etiam
607 3185 635 3232 et
650 3177 767 3247 gloriam
780 3175 900 3231 Redem-

68 3291 85 3321 ιι
111 3267 213 3339 pteris,
241 3275 270 3323 et
294 3267 453 3324 sanctitatis
481 3271 580 3323 restrae
609 3275 776 3337 perpetuum
802 3267 902 3330 decus,

69 3379 87 3409 ιι
111 3353 320 3425 utilitatemque
335 3357 505 3426 precipuum
522 3354 665 3426 generalis
683 3354 814 3410 Ecclesiae
839 3370 901 3423 per·

71 3466 88 3494 ι
113 3442 204 3499 tinere
220 3442 399 3498 credentium
415 3441 513 3498 nullus
527 3441 694 3511 ambigeret,
710 3441 733 3495 si
749 3441 901 3496 incivitate

71 3554 88 3585 ιι
111 3532 439 3602 Constantinopolitano,
452 3531 595 3587 relertbus
607 3531 745 3586 honorata
756 3528 899 3597 conciliis,

71 3644 88 3673 ιι
108 3631 205 3678 vestra
221 3622 374 3692 paternitas
388 3620 520 3690 generale
543 3621 698 3677 concilium
721 3626 901 3685 convocaret,

73 3733 90 3761 ιι
114 3710 288 3767 beatissime
303 3725 432 3781 persone
446 3717 538 3764 vestra
553 3710 702 3780 presentia
726 3709 901 3765 1111111111-

72 3822 89 3851 ιι
111 3801 194 3868 dum,
211 3814 369 3869 notamque
386 3798 505 3854 Romam
521 3800 607 3855 reteri
622 3799 752 3855 couniret
777 3796 902 3854 sanctio·

70 3911 87 3939 ιι
111 3888 198 3945 nibus
211 3887 309 3958 sacris,
324 3896 354 3943 et
369 3893 504 3959 perpetuo
520 3887 660 3943 valituris.
677 3888 740 3942 lam
765 3887 844 3942 enim
867 3886 900 3940 ad

71 4001 88 4029 ιι
110 3977 268 4035 concilium
283 3976 421 4032 Greciam
440 3975 575 4033 rebellem
600 3992 647 4031 ros
672 3978 807 4032 invitasse
831 3974 903 4030 didi·

71 4090 88 4119 «
110 4067 215 4131 cimus,
227 4065 306 4134 «quasi
318 4080 379 4135 quta
392 4081 469 4122 nunc
480 4066 580 4121 ridetis
592 4075 718 4134 tempora
730 4063 903 4134 praesignan-

70 4178 87 4208 ι
109 4158 158 4221 do,
173 4156 251 4219 licet,
271 4156 328 4209 site
345 4170 393 4224 pro
409 4152 565 4209 rebellione
578 4157 753 4218 Graecorum,
770 4153 828 4208 sire
852 4166 902 4221 pro

74 4269 87 4295 ι
111 4242 285 4300 utilitatibus
301 4241 411 4306 mundi,
427 4248 454 4296 ct
469 4243 554 4297 variis
569 4242 815 4313 occupationibus,
833 4243 902 4297 iute-

73 4356 90 4384 ιι
111 4348 169 4389 rtm
185 4331 339 4386 videamini
354 4330 510 4387 distulisse.
527 4331 600 4386 Ecce
616 4347 693 4386 nunc
718 4339 830 4401 tempus
853 4345 901 4385 ac·

955 3195 969 3223 ι
991 3189 1040 3244 pro
1054 3189 1111 3229 suae
1128 3173 1274 3243 probitatis
1288 3175 1387 3230 merito
1412 3172 1565 3242 plurimum
1587 3173 1775 3231 1111111111-

955 3283 969 3311 ι
991 3278 1063 3318 mus.
1082 3264 1108 3330 ι]

1275 3349 1356 3406 etttl
1373 3350 1457 3422 (130).

953 3454 1109 3506 automno,
1141 3454 1265 3495 ttansrnt
1304 3455 1621 3495 cossuasrtnoeontrano
1659 3455 1775 3496 turena-

1327 3544 1402 3585 nont.

1140 3616 1289 3689 Respondet
1303 3619 1423 3690 epistota
1436 3617 1586 3688 superiori.

1067 3708 1158 3777 (Apud
1175 3707 1203 3762 S.
1222 3711 1349 3772 Petrum,
1362 3723 1402 3763 vn
1414 3707 1453 3763 ld.
1470 3707 1662 3780 Novembris.)

991 3796 1124 3864 [Litteras
1139 3796 1326 3866 imperatoria
1348 3796 1503 3866 dignitatis,
1529 3813 1598 3867 quas
1619 3797 1708 3853 nobis
1730 3812 1780 3869 per

955 3884 1092 3941 dilectum
1109 3886 1211 3956 lilium,
1228 3884 1408 3953 Barocbium,
1425 3885 1550 3942 Fratrem
1566 3885 1675 3942 militie
1691 3886 1781 3943 Tem·

956 3974 1008 4047 pli,
1024 3982 1069 4029 tua
1085 3975 1196 4030 devotio
1210 3973 1374 4040 destinarit,
1398 3981 1515 4045 paterna
1537 3973 1713 4046 benignitate
1739 3990 1783 4032 re·

955 4062 1101 4133 cepimus,
1126 4077 1283 4133 earumque
1306 4070 1403 4118 tenore
1423 4063 1589 4133 plenissime
1623 4064 1783 4132 intellecto,
1868 4084 1870 4089 ·

955 4153 1057 4223 gravisi
1086 4167 1187 4208 sumus
1216 4151 1244 4207 in
1275 4151 1408 4219 Domino,
1434 4161 1462 4208 et
1484 4153 1513 4208 in
1531 4156 1659 4223 potamia
1675 4152 1786 4209 virtutis

955 4242 1141 4312 ipsius,quotl
1151 4240 1185 4304 is,
1195 4240 1241 4310 qui
1253 4242 1382 4310 superbis
1392 4241 1786 4310 resistit,bumilibusautem

956 4332 1151 4399 deigratiam,
1168 4329 1318 4400 magnifica
1331 4337 1425 4385 tecum
1443 4332 1580 4385 miracula
1596 4331 1788 4401 dignatusest

74 4446 90 4474 ι
112 4420 265 4491 captabile,
281 4423 364 4475 Pater
383 4429 490 4489 sancte,
516 4435 581 4475 occe
603 4437 680 4477 truno
704 4421 766 4476 dies
792 4419 901 4475 salutis.
919 4424 945 4489 D
961 4420 1083 4492 operari,
1099 4420 1131 4472 ad
1149 4416 1259 4473 laudem
1276 4425 1302 4473 et
1317 4419 1436 4487 gloriam
1453 4419 1579 4474 nominis
1594 4420 1650 4482 sui,
1674 4421 1710 4474 ed
1733 4418 1787 4474 bo·
1852 4480 1855 4485 ,

78 4511 261 4583 «Gargitasse
289 4510 398 4566 ridetur
429 4511 565 4566 [lominus
598 4511 774 4581 temporibus
803 4509 905 4566 restris

76 4626 93 4656 ιι
113 4602 302 4673 cogitationes
316 4602 405 4671 pacis,
420 4601 468 4672 qui
484 4598 646 4657 scabellum
668 4601 772 4670 pedum
798 4607 906 4655 restro·

78 4714 94 4743 ιι
116 4707 182 4748 rum
199 4694 304 4746 vestros
319 4690 412 4760 posuit
427 4689 571 4746 inimicos.
598 4689 706 4757 Canite,
731 4703 907 4760 quesumus,

78 4804 94 4831 ιι
115 4781 185 4837 tuba
213 4779 385 4835 sacerdotali
415 4780 445 4835 in
473 4780 552 4845 sion,
582 4778 779 4834 amantissime
816 4779 908 4844 Pater,

77 4893 93 4921 ι
116 4873 215 4926 vocata
243 4878 360 4934 emtum,
386 4876 554 4939 congregate
576 4867 724 4938 populum,
750 4870 908 4924 coadunate

78 4982 96 5010 ιι
115 4974 202 5014 serres
218 4966 245 5012 et
260 4965 395 5030 sugentes
412 4957 508 5026 ubera,
525 4960 701 5011 sanctiticate
725 4956 802 5011 diem
826 4971 908 5012 acce·

82 5067 94 5097 ι
117 5045 252 5119 plebilem
276 5046 409 5113 Domino,
430 5046 506 5101 diem
537 5045 715 5102 stabiliendae
739 5045 859 5101 unitatis
882 5053 910 5101 et

80 5160 95 5188 ιι
118 5137 208 5208 pacis,
224 5144 261 5204 et,
278 5137 412 5206 quemad
429 5132 584 5191 Dominum
600 5135 790 5202 custodimus,
807 5141 909 5189 nostre

82 5246 96 5279 ιι
119 5225 295 5282 tortitudinis
309 5225 524 5283 continuandae.
542 5222 757 5291 Quantumltbet
772 5223 849 5279 euim
865 5225 909 5280 iu·

961 4525 1059 4565 norom
1068 4514 1092 4562 et
1105 4508 1263 4576 protectum
1274 4506 1438 4576 apostolicae
1449 4507 1536 4575 sedis,
1548 4514 1574 4562 et
1585 4508 1619 4562 ud
1633 4508 1786 4566 utilitatem

961 4607 987 4653 et
998 4596 1197 4652 exaltationem
1213 4595 1310 4667 populi
1321 4594 1486 4662 Christiani,
1499 4597 1570 4653 otde
1584 4604 1628 4652 tua
1642 4604 1787 4656 taceamus

962 4685 1216 4757 magnilicentiaet
1232 4687 1343 4740 virtute.
1367 4682 1556 4740 illudentem
1588 4687 1662 4743 inter
1686 4696 1788 4745 cetera

962 4775 1047 4832 nobis
1061 4782 1171 4842 gratum
1187 4780 1227 4829 est
1242 4780 1268 4829 et
1278 4777 1439 4843 acceptum,
1451 4779 1480 4829 et
1492 4789 1575 4844 super
1586 4790 1619 4831 eo
1632 4784 1707 4833 tuam
1721 4792 1788 4847 pru·

962 4868 1089 4921 dentiam
1105 4872 1353 4930 commendamus,
1370 4865 1443 4932 quod
1461 4866 1593 4932 potentiae
1615 4873 1668 4920 tue
1686 4880 1787 4936 parum

963 4959 1012 5009 aul
1028 4952 1112 5014 111111,
1127 4951 1185 5006 Deo
1200 4959 1296 5007 autem
1312 4960 1339 5006 et
1356 4950 1438 5007 nobis
1452 4960 1542 5008 totum
1557 4954 1686 5023 ascribis,
1696 4961 1728 5009 ut
1738 4971 1786 5010 ex-

963 5042 1030 5099 altat
1047 5039 1206 5108 humilitas,
1222 5055 1307 5109 quem
1323 5040 1457 5111 superbia
1482 5056 1538 5096 uon
1565 5041 1700 5116 extollit]
1715 5042 1787 5113 Spe·

964 5140 1059 5188 rames
1088 5129 1185 5201 igitur,
1214 5130 1271 5184 imo
1306 5144 1356 5199 pro
1385 5137 1461 5185 cerlo
1491 5136 1631 5199 tenentes,
1656 5133 1729 5202 quod
1757 5139 1790 5188 ut

965 5227 1179 5278 sacrosanctam
1189 5221 1346 5274 Romanam
1357 5217 1525 5287 Ecclesiam,
1542 5235 1603 5290 que
1618 5228 1790 5278 cunctorem

119 5450 195 5523 1130)
212 5453 412 5519 Fragmentum
429 5448 514 5520 bujus
529 5447 658 5520 epistole
673 5447 789 5506 exbibet
804 5447 970 5518 bernaldus
984 5447 1019 5504 ed
1035 5459 1146 5504 annum
1166 5443 1245 5513 1204,
1271 5442 1287 5517 g
1307 5442 1354 5499 20.
1377 5443 1443 5509 Qua
1471 5442 1547 5515 apud
1573 5445 1667 5518 ipsum
1691 5443 1792 5515 legun·

83 5529 143 5592 tur,
159 5521 207 5581 bio
226 5523 310 5579 111111
324 5522 439 5579 inclusa
453 5529 530 5579 sum.
