3780 6000
90 246 137 304 loo
584 244 846 305 Pootlrtcautts
867 242 967 303 alluo
984 247 1032 316 VI,
1051 247 1194 304 CHRISTI
1214 244 1295 302 1203.
1741 234 1794 297 {20

33 378 38 529 Ι
89 387 146 440 vos,
162 372 198 427 ut
207 370 299 443 Juxta
313 369 485 427 mandatnm
512 372 648 427 nostrum
670 368 867 447 procederetis
881 367 911 426 in
926 370 954 440 Α
969 369 1161 427 reverentiam
1176 369 1265 444 priori
1282 367 1523 443 promittentibus
1539 367 1711 435 memerato,
1728 361 1794 436 ipsa

88 460 201 537 negotio
217 464 392 532 memorato,
408 462 506 534 partes
521 461 611 518 citare
630 459 766 519 curastis.
783 460 914 532 Cumque
969 457 1106 534 religiosa
1120 460 1162 517 eis
1178 459 1488 525 tradiditvcstimcnta,
1498 461 1527 514 et
1537 456 1572 513 ad
1584 453 1792 529 hospitalitatis
1862 512 1865 517 ,

33 534 37 667 (
86 556 184 609 essent
198 549 232 607 fn
261 555 359 608 rastra
377 549 534 623 prasentia
549 549 723 622 constitutae,
748 551 813 625 [pro
832 553 914 623 parte
969 550 1127 608 edificium
1151 550 1313 626 deputavit.
1331 549 1482 632 Hospitaie
1508 551 1605 604 autem
1621 541 1791 616 sumptibus

86 638 233 719 praedictas
247 640 281 697 G.
297 644 328 698 et
345 639 496 697 becedam
511 656 644 711 anorum,
661 639 717 697 fult
730 639 913 714 propositum
968 639 1096 698 ecclesia
1112 646 1212 698 vestra
1229 644 1430 698 constructum
1446 636 1570 696 ecclesia
1584 635 1685 693 eadem
1697 647 1791 706 usqua

84 747 177 790 ceram
188 729 269 789 vobis
279 730 421 803 (bot-db),
429 734 524 787 terras
536 746 609 802 quas
619 730 696 787 idem
708 729 742 786 H.
755 731 821 786 etB.
834 745 915 802 repe·
969 730 1005 788 ad
1020 734 1153 805 tempora
1168 734 1253 788 metm
1265 729 1364 787 litisin
1379 744 1450 804 pace
1461 726 1602 811 possedit,
1614 721 1791 794 ordinando,

84 822 198 889 iebant,
215 820 254 878 ab
270 821 313 878 eis
327 837 385 878 non
402 837 466 878 esse
481 820 597 901 pignori
608 819 762 895 obligatas,
774 820 825 877 sed
841 835 914 893 pure
968 821 1174 895 corrigendoel
1187 812 1792 895 disponendoprosuaarbitrlnvoluntatis

82 908 235 979 venditae,
248 908 326 966 sicut
336 907 366 964 ln
383 908 581 966 instrumente
593 909 723 966 confecto
733 908 837 967 exinde
854 908 913 981 ple·
968 915 996 966 et
1011 927 1124 979 oniaco,
1140 912 1190 984 qui
1204 928 1236 969 se
1251 911 1285 967 ad
1303 908 1459 985 hospitalis
1473 906 1650 980 obsequium
1660 903 1790 961 confere·

80 998 148 1056 nlua
165 1002 349 1070 continetur,
361 999 500 1073 prefatus
510 1015 579 1057 vero
604 1003 693 1057 llenr.
706 1016 758 1074 pro
773 1016 846 1056 enac
856 999 912 1057 fra·
968 1001 1049 1073 baut,
1066 1017 1097 1058 se
1112 1001 1273 1059 offerebant
1287 999 1415 1058 ccclesiae
1430 1002 1532 1055 vestrm
1548 996 1641 1068 prius,
1657 998 1686 1051 et
1700 990 1791 1065 priori

80 1094 122 1148 tre
137 1104 196 1147 sno
207 1088 332 1147 tirmiter
342 1088 502 1158 asserebat,
511 1092 604 1147 terras
617 1107 675 1148 non
687 1105 751 1148 esse
762 1106 835 1164 pure
844 1106 913 1146 ven·
969 1090 1018 1165 qul
1034 1094 1096 1148 erut
1111 1108 1162 1166 pro
1179 1095 1310 1166 tempore
1334 1088 1527 1148 reverentiam
1544 1089 1573 1143 et
1591 1081 1789 1142 obedientiam

79 1178 913 1253 ditas,sedpignoriobligatas,cumvenditionipradlctm
968 1180 1191 1255 promittebant,
1207 1185 1235 1236 et
1250 1179 1463 1239 ordinabuntur
1477 1181 1505 1234 et
1520 1174 1749 1232 instituebantur
1759 1171 1789 1228 in

80 1268 151 1327 talis
168 1268 260 1326 fuerit
288 1268 403 1342 adfecta
419 1269 559 1342 conditio,
575 1275 608 1326 nt
622 1271 646 1327 si
662 1286 678 1327 a
692 1273 821 1344 tempore
842 1287 913 1326 con·
968 1268 1095 1342 singuiis
1110 1270 1215 1326 officiis
1243 1270 1396 1325 abeodem
1412 1264 1569 1339 hospitalis
1589 1263 1695 1337 priore.
1710 1261 1789 1318 Licet

79 1364 199 1418 tractus
216 1359 359 1431 usquead
376 1360 451 1416 duos
466 1359 615 1434 proximos
630 1377 733 1429 annos,
745 1359 863 1434 prmfuto
878 1361 912 1417 Τ.
968 1360 1108 1436 praedicto
1124 1360 1157 1416 li.
1185 1364 1213 1416 ot
1228 1358 1449 1416 successoribus
1463 1358 1527 1431 ojus
1549 1350 1746 1410 obediendam
1761 1353 1792 1409 et

82 1450 197 1525 emptio
211 1446 391 1521 displiceret,
408 1448 440 1504 G.
455 1449 634 1523 paterilenr.
651 1449 757 1507 abinde
772 1450 913 1523 usquead
969 1450 1161 1509 reverentiam
1179 1449 1364 1523 promisisset
1387 1448 1473 1522 (272),
1494 1461 1528 1502 ea
1542 1449 1640 1500 tamen
1665 1440 1730 1512 tibi,
1747 1438 1791 1497 llll

83 1554 200 1597 annum
232 1539 409 1610 unuiuftffl)
437 1538 541 1613 viginti
571 1556 622 1596 sex
647 1538 750 1611 libras,
770 1541 913 1614 perceptis
969 1540 1059 1613 prior,
1075 1541 1193 1614 penitus
1209 1539 1364 1613 denegata,
1376 1529 1791 1602 sinelicentiaveslraprioris

84 1628 235 1687 fructibus
250 1627 467 1702 computatisin
478 1628 564 1701 ipsis,
581 1629 650 1686 dare
661 1629 791 1701 deberet,
806 1631 876 1686 sicut
885 1630 914 1686 fu
968 1629 1025 1686 sibl
1041 1629 1169 1686 officium
1182 1628 1343 1701 usurpavit.
1354 1626 1504 1695 Praeterea,
1515 1640 1581 1679 cum
1593 1623 1625 1678 ll.
1642 1619 1793 1695 quondam

83 1718 178 1777 mdcm
194 1719 379 1774 instrumento
392 1718 534 1775 asserebat
547 1719 813 1789 firmitercoutfueri
826 1720 913 1792 (265),
970 1720 1058 1784 frater
1071 1715 1585 1794 hospitaliaipsius,ecciesiaevestra
1596 1710 1704 1767 fuisset
1715 1708 1793 1766 obla·

84 1805 371 1884 (eoentarvmqnla,
387 1809 459 1865 elcut
473 1808 505 1866 in
519 1807 628 1866 ciuilem
648 1808 749 1866 litteris
764 1809 917 1866 detrectatis
972 1815 1031 1880 tna,
1060 1809 1224 1871 oblationes
1253 1824 1326 1881 quas·
1341 1807 1375 1864 ad
1406 1804 1575 1878 sepulcrum
1597 1801 1661 1874 ejus
1685 1799 1792 1857 fratres

90 1897 248 1973 ambigitis
263 1902 364 1955 ulrum
379 1915 454 1975 pura
469 1899 509 1956 sit
523 1905 550 1955 et
565 1897 702 1957 absoluta
716 1898 844 1957 venditio
857 1917 864 1968 ;
880 1915 917 1956 un
970 1899 1127 1975 hospitalis
1143 1902 1313 1974 receperant
1333 1903 1428 1955 vester
1443 1909 1612 1952 oeconomus
1632 1889 1792 1963 repetebat,

88 1987 251 2065 prefectus
279 1991 446 2045 contractus
461 1988 568 2063 pignus
585 1989 689 2045 debent
712 1988 851 2062 judicari,
866 2005 918 2061 per
970 1995 999 2048 nt
1013 1991 1132 2064 petebat
1146 1989 1292 2047 instanter
1307 1992 1340 2044 ut
1355 2004 1429 2061 opus
1444 2002 1523 2043 nove
1548 1979 1665 2057 capella
1680 1977 1793 2037 destrui

85 2082 198 2137 nostros
223 2076 389 2150 postulastis
404 2077 510 2135 litteras
524 2078 646 2139 edoceri.
662 2079 714 2136 Nos
735 2082 837 2148 cutem,
852 2094 916 2137 con·
971 2078 1308 2155 luceremus,quoddicti
1322 2078 1426 2134 fratres
1442 2071 1688 2149 superscpultnra
1698 2068 1794 2126 eidem

85 2167 237 2227 saltationi
264 2171 363 2224 vestrm
376 2167 557 2249 taliter(2df)
587 2169 809 2244 respondemus,
825 2170 916 2243 quod,
969 2172 1002 2227 R.
1019 2169 1312 2228 contraiibcrtateset
1322 2166 1526 2224 immunitates
1538 2160 1667 2221 ecclesia
1678 2163 1794 2231 vestrm,

86 2256 308 2335 qualiscunque
319 2256 407 2315 fuerit
419 2256 545 2315 intentio
556 2258 803 2330 contrahentium,
815 2275 849 2315 cx
861 2258 917 2314 for·
969 2266 1036 2334 post
1053 2260 1256 2335 interpositam
1269 2259 1304 2316 ad
1321 2275 1376 2315 noa
1391 2253 1627 2331 appellationem,
1641 2250 1795 2308 erexerant

85 2364 136 2405 ma
152 2350 324 2405 contractus
338 2346 466 2405 venditio
483 2364 540 2404 non
556 2357 670 2422 apparet
684 2349 758 2423 (268)
773 2347 915 2405 conditio·
968 2351 999 2406 in
1010 2355 1140 2408 vestrum
1153 2347 1357 2425 praejudicium
1368 2344 1693 2419 etgravnmeu.Corpus
1704 2339 1793 2401 ctiam

83 2436 174 2507 nafis,
187 2436 241 2493 ssd
253 2453 338 2511 pura,
350 2437 486 2511 quamvis
497 2438 590 2512 possit
602 2454 654 2511 per
664 2438 859 2495 conditionem
872 2451 914 2493 re-

84 2526 170 2584 solvi.
187 2530 229 2583 Ea
243 2525 361 2585 duobus
385 2530 483 2585 tamen
499 2544 563 2602 que
579 2528 609 2585 in
624 2531 709 2601 pacto
730 2528 849 2587 fuerunt
864 2545 914 2588 ex·

85 2633 203 2691 pressa,
218 2615 356 2675 videficet
370 2617 447 2691 quod
461 2616 574 2674 fructus
590 2619 717 2693 percepti
734 2619 873 2683 deberent
883 2622 914 2679 in

85 2705 229 2765 solvenda
241 2707 367 2780 pecunia
378 2707 537 2781 numerari,
549 2712 578 2767 et
588 2709 664 2785 quud
677 2706 753 2766 ultra
764 2727 913 2771 summam

85 2801 237 2873 receptam
252 2796 441 2877 quadroqtatc
464 2796 538 2873 (269)
553 2797 639 2857 solidi
654 2799 762 2857 debent
776 2800 912 2881 persolvi,

84 2892 189 2945 contra
204 2886 305 2961 ipsum
329 2891 491 2963 emptorem
508 2889 696 2965 presumitur
714 2889 912 2973 vehementer,

83 2975 262 3051 presertim,
279 2977 303 3033 si
329 2993 437 3039 usurae
452 2978 638 3044 consueverit
661 2980 815 3057 exercere],
832 2981 912 3041 frau-

81 3068 214 3141 demque
229 3066 413 3125 committere
428 3084 597 3126 usurarum.

117 3156 230 3223 Datum
247 3156 407 3230 Ferentini,
420 3175 439 3215 v
452 3157 527 3225 Non.
543 3157 625 3217 Julii.

467 3274 536 3335 cxl.

143 3379 169 3427 a.
184 3362 264 3436 (270)
278 3379 391 3436 aarum,
403 3380 588 3496 inpocmarcrs
602 3382 700 3427 seueri
716 3383 849 3429 succan

416 3453 432 3495 s
472 3454 580 3497 amana

82 3527 208 3587 domum
221 3540 286 3607 qus
298 3524 486 3599 interimeret
498 3527 603 3601 fratres
612 3528 756 3602 cujusdem
766 3529 912 3605 hospitalia

337 3600 496 3656 vertebatur
518 3599 661 3672 ‹iiiudicot

119 3695 197 3753 Cum
211 3700 257 3763 tu,
269 3696 311 3753 fili
326 3696 417 3771 prior,
428 3697 464 3755 ad
476 3703 605 3757 nostram
618 3699 801 3773 praesentiam
817 3718 912 3760 acces·

84 3785 912 3871 stampensemqnambababasadvcrsusfratreshospi·

84 3877 155 3933 talis
170 3877 252 3951 quod
263 3877 396 3950 cstjuxta
406 3878 688 3943 ecclesiumvestram
701 3881 912 3953 situm‚dilecto

967 2439 1062 2513 ipsine
1078 2440 1167 2497 oblati
1183 2438 1240 2497 sibi
1256 2436 1371 2495 restitui
1388 2434 1566 2511 postulabat.
1582 2432 1625 2488 Ad
1640 2430 1712 2501 haec,
1723 2443 1792 2487 oum

968 2530 1088 2601 quidam
1104 2529 1219 2587 oblatus
1234 2517 1787 2597 ecclesiavestracapellamlSanctiNl·

967 2620 1041 2677 colai
1057 2621 1093 2678 de
1120 2624 1210 2678 Ponte
1226 2618 1367 2677 llannbim
1395 2614 1615 2680 construxisset,
1644 2614 1673 2668 ct
1695 2609 1790 2683 ipsam

966 2711 1139 2769 contulisset
1153 2711 1247 2768 cidem
1259 2707 1400 2774 ecclesia,
1409 2706 1486 2763 sicut
1497 2702 1648 2779 publicum
1660 2698 1791 2763 continet

965 2804 1208 2869 instrumentum,
1219 2805 1247 2857 et
1257 2796 1413 2856 diocesanl
1442 2795 1573 2870 episcopi
1585 2793 1632 2863 lua
1644 2806 1732 2848 suum
1741 2807 1790 2847 vu·

966 2894 1011 2957 bia
1027 2889 1301 2951 contulissentinea
1315 2880 1726 2961 ipsaquevobispostmodum
1738 2895 1791 2953 por

965 2983 1065 3047 sedem
1081 2982 1169 3038 fuerit
1197 2978 1387 3054 apostolicam
1403 2974 1589 3042 confirmata,
1615 2973 1643 3028 et
1655 2985 1706 3027 vos
1725 2983 1790 3027 eam

965 3074 1016 3135 diu
1032 3069 1222 3146 possederitis
1238 3068 1301 3129 aiau
1312 3067 1373 3139 lite,
1386 3066 1525 3141 quoniam
1537 3058 1719 3135 hospitalarii
1730 3057 1790 3117 ele·

925 3139 946 3209 G
964 3162 1041 3223 ticos
1054 3165 1168 3221 vestros
1178 3176 1212 3217 ca
1222 3159 1287 3232 ipsu
1301 3157 1447 3231 ejecerant
1462 3153 1614 3223 violenter,
1626 3147 1790 3208 restitutio·
1806 3184 1812 3195 ·

967 3269 1032 3311 uem
1049 3252 1111 3322 ejus
1138 3253 1168 3309 et
1182 3253 1327 3307 terrarum
1344 3262 1408 3320 qua
1425 3244 1454 3303 in
1484 3242 1594 3300 Salian.
1610 3239 1788 3307 consistunt,

967 3343 1044 3399 idem
1060 3355 1231 3399 mconomus
1246 3352 1312 3395 cum
1325 3333 1471 3393 fructibus
1482 3327 1705 3403 indeperceptis
1720 3342 1789 3387 cum

967 3430 1108 3489 instantia
1114 3427 1289 3504 postulabat.
1299 3426 1442 3482 Ceterum
1454 3423 1624 3497 procurator
1632 3416 1789 3491 hospitalis

967 3518 1271 3596 ipsius,prmsentlbus
1287 3515 1464 3589 quibusdam
1483 3509 1622 3569 fratribus
1632 3505 1789 3583 hospitalis

967 3610 1175 3668 cruciferorum
1190 3606 1350 3671 bononien,
1361 3601 1558 3677 proposuitea
1568 3595 1789 3670 adversn,quod

967 3701 1123 3781 pradictus
1138 3703 1170 3755 lt.
1202 3696 1350 3771 quondam
1366 3692 1494 3751 ecclesia
1522 3693 1623 3748 vestrm
1639 3687 1729 3762 prior,
1754 3687 1790 3745 do

966 3791 1174 3849 canonicorum
1186 3787 1316 3863 ipsorum
1328 3799 1463 3852 assensu,
1483 3779 1565 3837 fratri
1586 3778 1674 3847 Clclo,
1686 3781 1716 3834 et
1727 3782 1787 3835 tam

965 3883 1050 3947 Petro
1065 3896 1153 3953 quam
1170 3877 1308 3935 omnibns
1324 3872 1471 3931 ministris
1487 3874 1516 3928 ct
1531 3867 1707 3927 officialibus
1722 3866 1787 3941 ojus

85 3965 157 4036 filio,
174 3967 206 4022 L.
218 3966 295 4042 (eal)
316 3966 397 4031 tituli
415 3968 528 4035 Sancte
543 3970 643 4029 Crucis
659 3971 827 4047 presbytero
846 3990 911 4035 cur·
966 3972 1056 4031 iibere
1068 3969 1216 4044 quoddam
1232 3967 1415 4031 concesserat
1425 3961 1629 4030 tenimentum,
1640 3958 1670 4014 in
1683 3972 1741 4031 quo
1752 3954 1787 4011 li·

84 4055 402 4127 dinali,c0mmisimua
420 4058 641 4126 toraninandnm.
653 4062 835 4135 Proposuisti
843 4079 911 4136 erge
965 4065 1043 4121 cerel
1052 4061 1094 4118 eis
1106 4063 1276 4117 construere
1287 4052 1433 4128 hospitale
1448 4051 1484 4107 ad
1497 4066 1569 4106 usus
1581 4061 1745 4122 pauperum
1756 4048 1786 4105 at

83 4146 112 4202 in
128 4151 235 4204 nestra
250 4148 405 4220 prasentia
419 4149 609 4220 constitutus,
626 4167 684 4225 quo
699 4146 732 4210 li.
749 4153 911 4226 prodeces-
965 4150 1116 4224 religionis
1141 4147 1352 4205 cruciferorum
1377 4143 1580 4214 augmentum,
1607 4135 1695 4211 quod,
1718 4149 1786 4193 cum

83 4254 130 4294 sor
146 4244 232 4308 tuus,
244 4254 347 4296 vacare
361 4239 607 4314 volensoperibns
622 4242 751 4315 pietalis,
770 4245 910 4316 quoniam
966 4223 1786 4299 fnissclillorumsollicitudineconsummatumtamipsi

84 4329 244 4385 honestum
261 4345 318 4386 uon
335 4333 397 4386 erut
412 4334 446 4387 ut
461 4330 489 4386 in
513 4331 683 4389 dormitorio
698 4333 822 4390 fratrum
839 4351 910 4409 puu-
963 4316 1787 4405 quam'successoreaeorumilludperquadragintaannos

85 4434 166 4491 pares
183 4417 640 4495 reciperetetinfrrmos,locnm
657 4424 815 4498 quemdam
832 4425 911 4501 posi·
966 4422 1085 4496 pacifice
1114 4436 1167 4476 suo
1189 4415 1308 4474 nomine
1336 4409 1543 4486 possederunt,
1572 4405 1735 4463 ordinando
1760 4408 1789 4460 et

84 4512 146 4564 tum
157 4507 910 4586 infraciaualrumhospitalisspeciaiiterdeputavit.
926 4520 951 4587 Ι)
967 4510 1149 4585 disponendo
1166 4524 1217 4581 pro
1233 4504 1351 4579 propriu
1365 4501 1515 4559 voluntale
1530 4497 1597 4565 3⁵0⁶
1610 4510 1689 4551 ⁰⁰⁰⁰
1704 4490 1787 4549 ΜΠ

117 4598 227 4655 tacitis
244 4598 334 4672 igitur
348 4604 432 4657 Petro
447 4605 477 4657 et
491 4601 551 4658 Gir.
568 4601 662 4675 laicis,
678 4603 739 4676 qui,
756 4603 810 4660 etei
830 4604 911 4660 bona
965 4603 1055 4676 prior,
1070 4598 1221 4661 occasione
1233 4592 1363 4670 praedicti
1376 4591 1409 4648 ll.
1422 4588 1570 4665 quendam
1582 4582 1788 4656 fratrishospi·

86 4689 433 4763 conversationisessant,
444 4706 496 4748 neo
507 4689 643 4755 habitum
654 4692 911 4767 taurenrcligicnis
966 4691 1035 4748 talis
1050 4690 1154 4763 ipsius,
1166 4687 1216 4760 qui
1231 4682 1437 4757 aquibuadam
1449 4678 1655 4736 creditur'cese
1666 4676 1787 4730 sauctus

86 4782 269 4853 acceperant,
300 4795 353 4838 nec
366 4777 455 4838 alicui
469 4779 533 4839 loco
562 4779 711 4855 religioso,
731 4781 775 4841 vel
803 4783 910 4854 ordini,
965 4782 1106 4838 adversus
1120 4795 1170 4835 eos
1186 4775 1322 4833 movebas
1334 4768 1463 4829 indebita
1476 4764 1677 4839 questionem,
1687 4762 1788 4837 volens

85 4866 201 4925 vinculo
225 4873 312 4925 eraut
328 4869 519 4943 professionis
541 4871 660 4945 mtrtoti
674 4876 702 4928 et
715 4872 759 4929 eis
782 4872 909 4931 ccclesia
965 4871 1038 4928 illud
1051 4871 1081 4927 in
1094 4870 1145 4942 jus
1160 4864 1289 4925 ecclesia
1304 4859 1402 4919 Sancti
1418 4855 1549 4930 Gregorii
1565 4869 1710 4917 revocare.
1735 4856 1791 4911 Ca·

84 4961 113 5019 it.
130 4956 463 5031 Gregoriiolierentibua
480 4975 511 5019 se
522 4961 870 5033 praenuntiationum
881 4967 910 5025 et
965 4956 1072 5032 peilam
1083 4970 1201 5030 quoque
1212 4951 1305 5010 sancii
1317 4945 1428 5009 N10⁰lfli
1439 4943 1576 5003 ᾱθΡθῦῑθ
1591 4939 1789 5001 mmmmm·

114 5173 242 5244 (26263)
256 5172 400 5229 Decretal.
417 5189 476 5229 om.

113 5246 190 5319 (mi)
208 5245 356 5304 Decretal.
372 5261 431 5305 om.
585 5251 588 5255 ’

112 5320 188 5391 (265)
204 5316 320 5375 Desunt
334 5315 478 5375 Decretal.

112 5391 189 5462 (266)
207 5391 321 5445 Desunt
334 5387 478 5449 decretal.

112 5462 190 5529 (267)
204 5460 237 5516 ln
255 5458 394 5516 Decretal.
411 5477 481 5532 om.;
497 5462 596 5521 aditur
610 5468 713 5537 etpost
725 5464 853 5525 contr-alr.

113 5534 191 5604 (268)
209 5530 350 5588 Decrelal.
365 5537 506 5604 appareat.
599 5538 610 5559 ·

115 5606 193 5676 (tuo)
208 5601 366 5670 Itouraioi,
381 5620 425 5661 aa.

999 5171 1135 5259 (tidlld
1157 5184 1221 5251 eum
1235 5164 1342 5249 saepius
1358 5162 1475 5247 scripsit
1500 5156 1707 5244 innocentius5
1728 5156 1785 5213 vid.

963 5235 1516 5394 Εῆιὶὸἧίιὲξιῐὲιυιιιῗιιιιιιῖἒὲιξιιῑιὶῗῖιίἰῗξῒὲ
1525 5232 1649 5372 {initum
1663 5300 1785 5359 Leonem

963 5393 998 5447 de
1015 5408 1073 5462 quo
1088 5388 1154 5441 vide
1183 5381 1304 5453 Epistol.
1320 5379 1387 5435 fibri
1403 5378 1498 5449 quinti
1515 5392 1541 5441 v,
1561 5376 1636 5441 noi„
1652 5378 1719 5430 anto
1735 5388 1785 5428 an·

963 5481 1032 5519 num
1052 5462 1120 5515 1203
1135 5456 1255 5514 tilulum
1275 5457 1304 5507 S.
1321 5449 1414 5507 Lucia
1431 5450 1459 5508 iu
1475 5443 1648 5521 septi-antio
1664 5459 1731 5500 cum
1747 5443 1785 5498 ti·

961 5535 1024 5591 tulo
1040 5535 1070 5589 S.
1087 5529 1189 5587 Crucis
1207 5522 1429 5597 permutatione.

997 5605 1073 5676 (272)
1088 5602 1136 5658 Sic
1153 5601 1183 5656 in
1197 5600 1318 5668 Apogr,
1334 5595 1384 5652 sed
1400 5593 1481 5649 decet
1493 5587 1615 5662 aliquid.
