3780 6000
57 252 130 311 aare
563 253 826 311 soururaarus
844 249 945 307 saiso
960 252 997 317 x,
1016 250 1160 306 assiam
1180 248 1262 305 saar.
1369 234 1372 241 '

57 378 307 438 examinationem
323 377 589 452 quarumdam,qui
605 396 623 435 a
637 377 716 434 tavel
729 373 888 449 predtuis
901 375 930 443 Α
944 373 1121 430 nasteriiaet
1131 372 1200 430 aliis
1210 373 1282 431 locis
1302 373 1448 448 religiosis
1467 375 1769 459 diecesanatibilega

60 469 98 524 ad
121 484 222 525 saeros
236 468 354 525 ordines
368 472 439 524 sunt
456 466 595 541 promoti,
611 467 720 539 quibua
741 463 887 538 providem
943 461 1086 532 subjectis
1102 463 1131 518 in
1147 464 1236 530 victu,
1252 464 1371 529 vestitu,
1386 466 1606 524 conversatione
1620 486 1653 526 aa
1665 474 1767 531 multia

63 559 243 615 mandamus
258 558 287 612 in
304 557 446 615 beneficio
461 556 657 629 competenti,
673 567 887 623 nonnunquam
941 549 1007 606 aliis
1022 552 1150 623 gravitas
1167 552 1325 626 negligitur
1339 553 1494 627 regularia,
1510 565 1537 612 et
1552 556 1647 615 multa
1660 563 1761 633 gravia

59 641 888 721 aliquibusaurumittamus,auctoritatepresentiumfir·
941 640 1168 696 committuntur
1191 642 1391 714 ibidemque
1418 643 1527 701 cedunt
1542 663 1599 702 non
1626 648 1722 706 solum
1737 651 1767 708 in

1697 246 1849 318 tuto,

62 741 152 794 miter
165 736 336 793 inhibemus
352 753 387 792 ne
404 735 460 791 nisi
478 740 505 791 te
520 733 799 807 valresponsaletuo
810 746 887 803 prae·
942 728 1108 784 animarum
1118 730 1316 801 dispendium,
1327 732 1376 788 sed
1389 732 1477 788 etiam
1489 737 1664 793 scandalum
1675 738 1766 810 pluri·
1857 746 1861 753 “

60 833 143 883 sente
159 827 194 881 ad
210 825 457 881 examinationem
473 823 644 894 hujusmodi
656 821 842 894 procedatur,
854 823 888 875 ut
942 833 1069 873 morum.
1086 819 1204 875 Fratres
1219 826 1358 892 preterea
1372 820 1503 879 locorum
1514 824 1648 895 ipsorum
1665 833 1767 888 eontra

60 920 163 973 contra
178 914 389 970 examinandas
404 913 456 969 tibi
470 928 628 984 proponere
638 911 726 968 liceat
741 909 885 983 quidquid
942 923 1002 962 suae
1016 907 1207 979 professionis
1230 911 1415 982 propositum
1431 912 1557 970 retinere
1573 917 1692 987 propria
1707 936 1766 977 non

61 1002 278 1060 rationabiliter
292 1001 411 1057 duxeris
427 1003 669 1073 proponendum,
686 1000 727 1056 ita
742 1000 820 1072 quod
837 1012 888 1070 per
941 995 1112 1052 formidant.
1128 997 1199 1054 Cum
1222 999 1313 1072 igitur
1327 999 1398 1065 heo,
1415 1001 1439 1057 si
1464 1018 1531 1058 vera
1546 1003 1618 1070 sint,
1638 1007 1768 1078 relinqui

59 1091 308 1149 examinationem
324 1089 596 1148 aliterattentatam
613 1088 727 1145 nullum
743 1088 796 1144 tibi
813 1103 887 1159 pre·
942 1100 1000 1139 non
1024 1084 1149 1142 debeant
1164 1087 1337 1155 incorrecta,
1362 1089 1538 1145 fraternitati
1560 1095 1629 1159 tue,
1654 1094 1689 1150 de
1710 1113 1767 1167 qua

58 1180 206 1252 judicium
227 1183 392 1252 generetur,
409 1179 467 1234 nisi
493 1178 592 1235 forsan
607 1182 742 1235 evocatus
757 1176 888 1249 legitima
942 1174 1198 1231 certamfiduaiam
1206 1176 1385 1246 obtinemus,
1395 1194 1447 1250 per
1458 1195 1504 1251 ap.
1518 1195 1559 1235 sa.
1572 1197 1612 1235 m.
1624 1197 1665 1253 q.,
1677 1201 1767 1257 super

58 1267 270 1325 inclusionem
294 1268 534 1324 mandatinostri
553 1266 761 1324 examinationi
784 1265 888 1337 hujus·
942 1261 988 1317 bia
1003 1266 1033 1318 et
1044 1263 1111 1320 aliis
1126 1264 1269 1337 inquisita
1283 1264 1399 1338 plenius
1414 1268 1534 1325 ueritate
1551 1270 1681 1343 corrigas
1696 1288 1764 1343 app.
1841 1266 1846 1273 “

60 1356 141 1415 modi
158 1373 209 1430 par
218 1361 246 1412 te
256 1356 297 1412 vel
311 1355 509 1429 responsalem
519 1354 831 1428 idoneumneglexeris
841 1353 887 1408 in·
941 1365 982 1406 re.
998 1367 1181 1425 quecunque
1192 1355 1307 1410 noveris
1318 1356 1501 1428 corrigenda,
1511 1361 1643 1415 statuens
1653 1359 1764 1417 ibidem

60 1450 185 1504 teresse.
207 1444 287 1501 Nulli
303 1461 406 1518 ergo...
433 1450 540 1503 nostre
555 1445 753 1515 inhibitionis,
777 1446 833 1500 ata.
856 1440 887 1499 Si
942 1440 1018 1510 quod
1035 1441 1169 1513 regulare
1183 1442 1313 1499 lueritat
1327 1443 1497 1508 honestum.

60 1535 130 1610 quia
147 1540 258 1604 autem,
271 1539 326 1591 etc.

96 1625 216 1695 Datum,
231 1629 262 1681 ut
276 1626 306 1680 in
322 1625 391 1681 ulia.

422 1713 523 1770 CLlll.

426 1820 524 1860 manu.

131 1894 170 1951 fis
184 1892 315 1950 monasti
327 1893 486 1962 singulares
495 1894 553 1948 siat
568 1894 598 1947 ia
613 1893 808 1949 monasteriis.

325 1982 454 2052 (Datum,
470 1985 501 2036 ut
515 1982 545 2036 tn
558 1980 639 2052 otiu.)

98 2090 170 2148 Cum
194 2090 225 2147 in
248 2091 419 2148 lateranen.
445 2089 566 2146 concilio
593 2091 740 2146 statutum
764 2105 801 2146 na
826 2107 889 2147 mo·

64 2170 186 2238 naabi...
213 2178 388 2236 fraternitati
405 2183 472 2248 tue,
487 2180 523 2234 de
544 2196 601 2251 qua
616 2183 725 2235 certam
750 2178 889 2236 fiduciam

63 2272 197 2345 gerimus
213 2287 265 2342 per
280 2286 327 2342 ap.
344 2286 385 2325 so.
400 2284 441 2324 m.
459 2285 501 2341 q.,
516 2269 539 2324 si
561 2285 650 2341 quem
666 2269 842 2325 monaahum
858 2269 889 2327 in

63 2361 165 2433 aliqua
178 2358 302 2416 ecclesia
316 2359 481 2414 dioeaesana
497 2357 549 2412 tibi
564 2357 768 2431 legesubjeata
783 2358 888 2431 singu·

59 2448 161 2506 laritcr
175 2447 321 2505 inveneris
337 2446 479 2515 habitare,
496 2449 592 2519 ipsum
609 2463 665 2503 mo.
682 2464 887 2520 praeparcae.

65 2555 125 2598 ccc.
141 2555 208 2611 app.
224 2554 264 2594 ra.
274 2535 473 2610 compellasut
483 2535 665 2592 veladsuum
676 2538 888 2593 monasterium

63 2629 174 2698 redeat,
190 2627 234 2685 vel
258 2627 387 2698 aliquem
403 2624 560 2681 honestum
580 2626 698 2682 fratrem
714 2642 813 2683 secum
836 2626 888 2683 ba·

64 2718 131 2774 beat
146 2719 387 2774 commorantem.

101 2806 219 2874 Datum,
236 2808 266 2863 ut
281 2808 312 2863 ia
325 2806 397 2863 otio.

433 2894 522 2951 Cllll.

424 3001 525 3041 ernau.

114 3078 146 3134 ua
160 3074 308 3132 mouuatos
323 3075 471 3131 atalaricus
485 3089 541 3129 sue
555 3071 680 3130 dicastis
698 3074 833 3147 corripui,

313 3165 443 3237 (Datum,
459 3167 490 3219 ut
510 3164 539 3218 in
555 3162 639 3236 alia.)

99 3274 143 3330 ad
159 3276 292 3329 nostram
308 3269 423 3327 noveris
439 3269 620 3326 audientiam
630 3269 799 3341 pervenisse
810 3270 889 3342 quod

62 3368 125 3420 tam
140 3379 157 3418 a
172 3360 326 3417 monaobia
340 3365 368 3416 et
382 3359 450 3415 aliis
461 3359 533 3415 viria
547 3358 693 3432 religiosis
703 3374 793 3431 quam
804 3376 821 3416 a
832 3358 892 3416 cla-

61 3453 132 3508 riaia
148 3449 341 3508 secularibus
361 3454 417 3504 tue
433 3447 568 3504 diaecesis
583 3446 676 3504 multa
690 3448 792 3521 gravia
810 3464 891 3505 aom-

62 3541 231 3608 mittuntur,
248 3555 323 3610 quas,
339 3539 363 3594 si
378 3555 436 3594 non
453 3537 563 3593 fuerint
572 3537 735 3610 superioris
745 3536 892 3594 limacor·

63 3630 510 3704 reata,graviorumexaeasuum
519 3627 892 3684 materiamministrabunt

64 3720 144 3777 Licet
158 3722 257 3775 autem
282 3734 316 3774 ex
331 3718 465 3788 injuncto
482 3716 534 3772 tibi
551 3715 729 3789 presulatus
744 3717 841 3773 afficio
859 3717 891 3774 in

978 1532 1083 1585 Datum
1098 1530 1196 1587 Rome
1213 1532 1291 1604 apud
1306 1537 1335 1588 S.
1348 1533 1477 1604 Petrum,
1492 1551 1528 1592 xv
1543 1534 1603 1592 llal.
1616 1539 1766 1609 Decemb,

942 1634 1020 1675 anno
1034 1618 1161 1676 decima.

1307 1726 1389 1783 cavi
1400 1766 1407 1780 .

1305 1834 1404 1875 sinnas.

942 1915 979 1970 Da
994 1913 1095 1972 unione
1109 1917 1337 1974 monasteriorum
1352 1918 1437 1975 Vallis
1455 1922 1604 1993 profunde
1618 1924 1643 1979 et
1652 1921 1688 1980 de
1702 1922 1765 1996 Gqf.

1029 2014 1123 2087 (Apud
1140 2015 1170 2071 S.
1198 2015 1326 2089 Petrum,
1342 2033 1390 2072 xrv
1406 2017 1466 2075 llal
1489 2019 1677 2093 Decembris.)

976 2131 1019 2187 Ad
1035 2146 1121 2187 aures
1136 2136 1254 2190 nostrae
1269 2133 1383 2191 novaris
1395 2135 1562 2207 parvenisse
1572 2138 1649 2209 quod
1665 2155 1767 2197 mona-

942 2222 1065 2278 sterium
1082 2222 1336 2280 ValliaProfundae
1352 2225 1766 2287 intuadioeaeaiaonstitutum
1849 2246 1860 2258 ‘

941 2317 1023 2368 tanta
1036 2327 1133 2368 rerum
1147 2314 1354 2385 temporalium
1369 2320 1500 2388 egestate
1512 2323 1653 2389 gravatur
1668 2322 1700 2374 ut
1712 2335 1764 2376 so·

941 2417 1022 2456 rores
1037 2401 1172 2472 ejusdem
1184 2401 1237 2458 loci
1254 2411 1402 2475 nequeant
1412 2405 1543 2462 debonis
1556 2405 1652 2480 ipsius
1663 2424 1767 2465 mona·
1870 2456 1873 2461 .

941 2491 1022 2546 sterii
1035 2492 1207 2557 sustentari,
1220 2494 1422 2566 propterquod
1435 2494 1594 2561 interdum,
1607 2496 1768 2570 instigante

943 2579 1065 2636 humani
1080 2580 1196 2650 generis
1213 2581 1766 2658 inimico,proneaessariisaaquireudi

942 2669 1088 2739 quedam,
1104 2669 1202 2724 minus
1217 2668 1297 2726 licita
1313 2672 1372 2727 imo
1386 2670 1486 2743 gravia
1509 2673 1693 2731 aommittere
1709 2691 1767 2732 non

941 2761 1087 2815 verentur.
1103 2758 1245 2824 Quocirca
1267 2760 1443 2816 fraternitati
1458 2765 1516 2817 tum
1540 2778 1593 2833 per
1607 2779 1653 2834 ap.
1671 2779 1713 2819 sa.
1725 2779 1766 2820 m.

942 2864 983 2918 q.,
1000 2848 1024 2903 ai
1041 2847 1093 2919 ita,
1117 2851 1330 2906 monasterium
1346 2851 1443 2923 ipsum
1469 2852 1644 2910 auctoritate
1665 2857 1767 2910 nostra

943 2936 1092 3004 suffultus,
1106 2937 1220 2995 sublato
1236 2940 1343 3010 cujusl.
1358 2940 1491 2998 contrad.
1509 2947 1538 2998 et
1553 2959 1620 3015 app.
1636 2942 1685 3000 ob.
1703 2959 1766 3000 mo·
1857 2996 1860 3001 .

943 3027 1071 3082 naateria
1086 3028 1122 3083 de
1132 3028 1192 3098 Gyf
1199 3033 1256 3084 tue
1268 3029 1413 3100 dioecesis,
1425 3030 1504 3102 quod
1516 3030 1580 3103 pari
1591 3034 1768 3090 necessitate

904 3111 926 3179 C
947 3113 1070 3181 laborat,
1087 3116 1249 3188 adjungere
1263 3117 1384 3173 studeas
1399 3122 1428 3175 et
1444 3119 1539 3175 unire.

982 3205 1087 3260 ilatum
1103 3204 1201 3261 Rome
1217 3208 1295 3277 apud
1310 3206 1340 3263 S.
1352 3211 1483 3279 Petrum,
1499 3225 1545 3265 xrs
1557 3208 1618 3267 Kal.
1631 3209 1770 3267 Decemb.

945 3310 1023 3350 auno
1038 3293 1163 3351 decimo.

1304 3400 1408 3459 cavit.

1206 3507 1343 3548 arrscoro
1358 3508 1503 3549 samaras.

1019 3591 1050 3648 llt
1064 3590 1087 3647 l.
1107 3589 1142 3646 od
1152 3590 1367 3646 subdiaconatus
1385 3590 1510 3648 ordinem
1533 3595 1698 3665 promoveat.

1053 3688 1148 3762 (Apud
1164 3687 1195 3745 S.
1212 3688 1340 3758 Petrum,
1357 3705 1386 3744 rx
1397 3688 1457 3745 llal.
1472 3689 1662 3761 Decembris.)

63 3807 246 3880 corrigendis
261 3807 450 3863 subditorum
471 3807 640 3862 excessibus
652 3806 891 3876 jurisdictionem
982 3806 1023 3862 Ex
1039 3804 1236 3862 insinuatione
1253 3805 1305 3861 dil.
1321 3805 1363 3863 fil.
1379 3807 1406 3864 J.
1421 3805 1564 3863 scholaris
1581 3824 1634 3864 nos
1655 3808 1771 3866 araveris
1873 3796 1878 3805 ⁸

62 3896 196 3954 obtineas
212 3894 393 3969 generalem,
411 3901 557 3951 attamen
574 3895 748 3952 auctoritate
760 3897 892 3953 mandati
946 3897 1094 3968 accepisse
1105 3895 1261 3970 quodolim
1276 3901 1427 3953 matersua
1442 3897 1472 3954 in
1484 3897 1772 3971 ipsiuspartusmul-

64 3986 158 4042 nostri
175 3991 230 4042 tue
244 3986 420 4059 provisionis
437 3987 568 4042 officium
581 3985 704 4043 liberius
719 3987 893 4060 exsequaris
947 3986 986 4042 tis
1011 3986 1157 4059 angustiis
1183 3985 1305 4058 fatigata
1327 3995 1426 4043 votum
1451 3988 1528 4044 vovit
1549 3988 1671 4046 Domino
1693 3990 1772 4062 quod

64 4075 241 4132 fraternitati
255 4082 322 4142 tue,
337 4078 372 4132 de
387 4093 444 4147 qua
460 4076 576 4131 firmam
593 4075 731 4131 fiduciam
747 4077 893 4150 gerimus,
948 4091 1133 4148 quaecuaque
1149 4074 1261 4147 prolem
1279 4075 1451 4147 susciperet,
1467 4093 1532 4133 eam
1548 4077 1577 4132 in
1594 4083 1703 4134 sortem
1720 4083 1773 4136 llo·

63 4182 116 4237 per
129 4183 177 4237 ap.
193 4182 236 4223 aa.
254 4183 294 4221 m.
311 4185 338 4238 q.
355 4172 414 4221 tam
439 4165 517 4221 circa
533 4166 611 4221 viros
632 4165 787 4239 religiosos
802 4183 892 4239 quam
949 4166 1087 4221 minicam
1103 4165 1270 4237 deputaret,
1281 4182 1343 4236 que
1355 4164 1456 4221 volens
1469 4166 1658 4238 postmodum
1677 4168 1772 4224 adim·

62 4254 282 4311 etiamalericos
294 4254 451 4312 saculares
463 4260 518 4319 tue
526 4254 729 4326 jurisdictioni
741 4257 893 4328 subjectos
948 4254 1026 4327 plere
1038 4254 1366 4326 promissum,eumdem
1376 4254 1403 4310 J.
1415 4254 1482 4310 fecit
1493 4254 1772 4314 imbuilitteralibus

64 4345 206 4417 corrigas,
223 4362 290 4417 app.
307 4361 361 4416 re.,
372 4362 436 4417 que
447 4345 556 4402 videris
566 4345 748 4417 corrigenda,
758 4349 893 4403 statuens
947 4343 1132 4399 documentis
1148 4347 1176 4398 at
1197 4343 1312 4399 artibus
1327 4341 1499 4399 liberalibus
1524 4343 1645 4399 erudiri.
1661 4342 1771 4402 Verum

65 4435 100 4490 ad
119 4435 355 4491 reformationem
369 4434 501 4506 ipsorum
517 4434 595 4506 quod
612 4433 744 4506 regulare
760 4434 848 4492 fuerit
863 4442 893 4491 at
907 4479 930 4544 D
947 4434 1024 4490 idem
1040 4432 1067 4487 J.
1084 4449 1101 4487 a
1120 4437 1253 4488 materna
1268 4448 1324 4487 non
1341 4432 1512 4504 discrepans
1527 4432 1689 4502 voluntate,
1704 4450 1771 4491 cum

65 4522 236 4579 honesturn.

99 4610 218 4677 Datum,
233 4620 265 4667 ut
280 4612 310 4665 ia
324 4611 397 4667 atio.

438 4700 516 4756 CLV.

430 4806 526 4845 arnas.

66 4879 154 4934 Datur
169 4878 216 4936 itti
229 4885 348 4949 protectas
370 4879 550 4950 resumendi
568 4882 811 4938 manserimus
824 4883 891 4940 dioe·

946 4611 993 4667 tiit
1009 4615 1040 4665 ut
1052 4625 1120 4665 eum
1134 4608 1165 4665 in
1181 4609 1396 4666 subdiaconum
1421 4627 1616 4683 promeveres.
1633 4611 1677 4668 'l'u
1691 4628 1771 4682 vero,

945 4698 1013 4754 licat
1027 4697 1132 4754 habeat
1158 4699 1368 4770 patrimonium
1386 4700 1421 4756 de
1441 4716 1500 4773 qua
1524 4705 1621 4773 potest
1643 4717 1773 4774 congrua

946 4785 1119 4857 sustentari,
1131 4790 1160 4842 et
1176 4786 1296 4858 quidam
1312 4788 1377 4859 ejus
1392 4789 1629 4859 consanguineus
1642 4789 1678 4846 ad
1692 4790 1771 4846 ordi-

947 4877 1096 4933 nationem
1111 4878 1230 4931 rentum
1246 4876 1356 4933 solidos
1373 4877 1772 4951 annuossibifueritparatus

430 4965 528 5007 melli·
947 4966 1089 5035 conferre,
1104 4965 1206 5038 sicque
1221 4964 1381 5022 honorifice
1396 4965 1491 5023 ualeat
1504 4966 1600 5022 vivere
1615 4966 1650 5021 de
1666 4966 1772 5038 praedi·

155 5040 249 5112 (Apud
266 5044 294 5096 S·
320 5040 449 5107 Pelium,
464 5055 502 5097 Π
517 5037 581 5096 Κθῑ·
604 5038 797 5114 membris-l
947 5056 1013 5121 atis,
1029 5053 1135 5111 oblatis
1149 5059 1248 5111 tamen
1265 5056 1401 5127 precibus
1416 5055 1602 5128 acquiescere
1616 5055 1770 5124 recusasti,

99 5146 180 5202 Licet
194 5145 616 5203 Ecclesiarumomniumcura
628 5146 713 5203 nobis
725 5145 891 5217 immineat,
946 5145 1006 5201 Nos
1021 5150 1120 5200 autem
1136 5144 1217 5217 pium
1234 5146 1298 5217 ejus
1314 5145 1500 5218 propositum
1516 5145 1700 5201 attendentes
1710 5144 1729 5201 f.
1747 5148 1769 5215 t,

66 5253 118 5307 pro
146 5237 394 5294 monasteriorum
421 5241 521 5292 tamen
556 5236 634 5292 sicut
664 5234 823 5308 specialius
839 5253 893 5294 naa
948 5254 976 5310 p.
992 5251 1093 5308 apsa.
1109 5250 1192 5306 praa.
1212 5252 1305 5308 rn.q.:
1322 5235 1403 5292 sicat
1419 5234 1641 5305 ita,dummodo
1656 5234 1771 5292 sitido-

64 5331 179 5396 oportet
194 5342 260 5384 ease
274 5326 428 5395 sollicitos,
449 5341 484 5383 na
499 5326 598 5383 forsan
614 5324 644 5381 in
658 5323 732 5398 ipsis
743 5324 893 5399 religionis
947 5338 1031 5388 naua,
1048 5338 1217 5395 promouere
1232 5322 1331 5395 ipsum
1346 5323 1381 5379 ad
1392 5321 1625 5379 subdiaconatus
1636 5321 1769 5379 ordinem

65 5416 253 5472 observantia
268 5415 457 5484 dissolvatur,
474 5432 562 5488 quarn
583 5415 695 5472 nostris
711 5415 894 5488 temporibus
948 5429 1005 5469 non
1022 5415 1191 5483 postponas.

63 5507 192 5565 Domino
214 5508 389 5581 disponente
411 5505 546 5580 plantare
573 5507 711 5580 cupimus
733 5510 763 5563 et
784 5507 891 5565 fovere.
981 5503 1089 5560 Datum
1103 5499 1202 5557 Rome
1215 5501 1293 5574 apud
1309 5506 1336 5557 S·
1354 5500 1483 5570 Petrum,
1499 5518 1527 5558 rx
1543 5501 1603 5560 llal.
1620 5501 1772 5573 Decemb,

65 5598 151 5668 Sana,
162 5596 239 5653 sicut
252 5601 351 5654 nostro
361 5600 406 5653 est
416 5595 592 5668 apostolatui
605 5599 779 5668 reseratum,
793 5597 822 5654 in
833 5613 893 5654 ma·
947 5609 1023 5653 anno
1039 5590 1163 5649 decimo.

948 4523 1077 4578 minores
1092 4521 1210 4577 ordinas
1226 4519 1487 4592 fueritassecutus,
1504 4525 1558 4578 ate
1568 4522 1715 4580 instanter
1724 4540 1773 4597 pa·
1873 4592 1876 4597 ¹
