3780 6000
33 224 91 283 613
531 224 792 281 commercatus
810 221 911 279 ANNO
928 219 1002 292 Vlll,
1021 221 1164 279 CHRISTI
1183 219 1264 275 ¹205.
1695 222 1748 283 691

33 357 181 426 tanquam
197 350 308 424 pastori
332 349 587 415 vestro,'debitam
613 348 814 405 obedientiam
838 350 868 402 et
883 348 911 415 Α
925 345 1140 418 diligentius,et
1155 346 1269 403 fortiter
1282 345 1430 415 animetis,
1444 346 1747 420 populoViterbiensi,

36 441 234 498 reverentiam
261 439 451 512 impendatis,
482 439 651 495 salubribus
690 438 811 494 monitis
841 442 870 493 ct
924 436 1093 493 subdebile
1109 436 1259 492 fidelitatis
1275 437 1752 509 quonobistenenturasiricti,et

36 530 298 603 mandatisipsius
318 536 455 601 parentes
471 528 624 586 humiliter
639 535 668 584 et
681 529 793 584 devote.
925 526 1240 581 excommunicationis
1258 544 1352 598 piena,
1369 527 1511 583 distriolae
1541 526 1752 600 precipientes,

73 618 186 677 Datum
192 659 249 676 .....
269 636 299 675 xr
314 617 461 674 Kalendas
472 618 554 687 tatii,
571 635 649 675 anno
667 625 780 675 octavo.
925 617 1002 687 quod
1020 617 1291 672 excommunicatos
1307 616 1373 672 illos
1384 623 1414 671 et
1428 619 1580 672 credentes
1596 619 1752 673 Petareno-

384 733 430 791 Ο)
445 735 531 808 (392)·
928 722 1003 772 rum,
1033 705 1082 776 riui
1107 707 1144 761 ab
1168 705 1432 762 excommunicatis
1456 712 1485 763 ot
1509 707 1755 764 concredentibus

927 795 990 850 suia
1007 800 1073 865 post
1087 794 1294 851 inhibitionem
1320 805 1450 851 nostram
1472 796 1501 852 in
1516 795 1660 853 'consules
1686 799 1758 852 sunt

39 865 131 884 ·····
146 841 329 882 ”mmm
343 824 428 897 (393)'
445 842 478 880 ΕΤ
490 867 515 880 “’
530 865 554 879 ''
569 865 575 878 '
591 841 774 881 mmo
799 823 871 893 (393)
928 882 1023 953 electi,
1044 889 1073 939 et
1086 884 1113 940 J.
1130 883 1253 954 Tiniosi,
1271 883 1442 957 perditionis
1458 886 1564 954 tilium,
1582 885 1707 943 electum
1725 885 1756 942 in

378 930 532 971 EPlSCOPIS.

39 1005 72 1065 lit
85 1002 222 1061 adversm
246 1005 397 1060 Petarenos
419 1006 585 1074 piermieeom
601 1003 658 1058 eibi
678 1002 873 1058 auctoritatem
928 972 1142 1075 camerafiumt
1158 991 1175 1028 ἃ
1190 974 1321 1029 d⁰¹⁰i⁰⁵⁰
1338 974 1414 1074 ‘1⁰9⁶
1432 975 1487 1031 Vbi
1504 980 1614 1032 temese
1630 992 1754 1048 ⁰⁸⁰¹'Pa'

76 1078 253 1139 mmm,
280 1076 430 1132 nimium
453 1077 729 1148 “deanggipcmsqpe
749 1075 873 1131 compte,
929 1066 1009 1130 runt,
1025 1063 1131 1133 ejicere
1146 1063 1285 1119 studeant
1309 1064 1488 1120 omnimodis
1514 1069 1543 1120 et
1558 1065 1702 1132 laborent,
1727 1068 1757 1121 et

76 1149 249 1219 magistratu
263 1148 456 1203 submoneant.
929 1151 1090 1223 procedant
1105 1155 1164 1206 tam
1184 1158 1286 1208 contra
1298 1169 1451 1225 eos,quam
1476 1157 1579 1209 contra
1599 1153 1757 1211 Petarenos

335 1238 391 1307 (xvi
416 1235 476 1291 Kal.
497 1236 590 1306 Julii.)
930 1240 1228 1305 credentes‚iautorcs
1244 1246 1272 1297 et
1296 1242 1494 1298 defensatores
1510 1242 1652 1315 ipsorum,
1670 1243 1757 1316 juxta

78 1334 156 1390 Cum
170 1333 231 1406 lupi
248 1351 382 1406 rapaces.
399 1335 448 1406 qui
465 1339 607 1390 venerant
621 1334 650 1391 ln
670 1335 767 1390 ovium
784 1333 874 1390 vesti·
930 1330 1105 1385 mandatum
1131 1336 1273 1397 vestrum,
1290 1331 1502 1386 sesecundum
1532 1332 1610 1403 quod
1638 1331 1680 1388 eis
1705 1349 1758 1405 per

44 1423 287 1496 mentis,pascua
303 1428 365 1489 tus,
380 1424 468 1479 trater
484 1423 688 1491 Viterbiensis,
707 1440 763 1478 non
778 1423 875 1478 solum
931 1415 1004 1472 alias
1017 1425 1133 1474 nostras
1148 1417 1259 1475 litteras
1270 1425 1314 1473 est
1329 1419 1507 1490 injunctum.
1518 1420 1756 1494 Alioquinmove·

43 1512 97 1569 tibi
117 1514 309 1585 preripuerint
324 1516 352 1568 st
377 1513 549 1567 immaniter
569 1511 750 1583 occuperint,
775 1512 825 1568 sed
849 1516 878 1566 ot
933 1505 992 1561 rint
1016 1523 1069 1561 nos
1088 1508 1233 1563 universis
1249 1507 1386 1564 lidelibus
1400 1509 1520 1578 nostris,
1545 1508 1573 1565 in
1590 1510 1758 1568 civitatibus

45 1615 127 1665 eves,
151 1617 215 1673 quas
241 1601 440 1673 pascebantur
461 1601 583 1669 ibidem,
601 1602 687 1657 iurati
710 1606 781 1656 sunt
804 1615 877 1672 pena
932 1599 1020 1668 elque
1049 1595 1152 1651 castris
1181 1596 1477 1669 circumdsjaeetibus
1502 1599 1682 1668 constitutis,
1709 1600 1758 1656 de·

46 1692 169 1764 penitus
186 1691 349 1755 universas,
365 1691 509 1763 quaedam
524 1707 558 1747 ex
575 1691 648 1762 ipsis
665 1696 827 1747 mactantes
842 1690 877 1744 nd
936 1684 1015 1740 disse
1032 1685 1156 1741 firmiter
1171 1686 1199 1740 in
1218 1686 1381 1758 praeoeplie,
1394 1691 1437 1753 ul,
1448 1688 1503 1743 nisi
1515 1687 1585 1743 dicti
1596 1687 1760 1745 Vilerbien·

47 1795 110 1836 suo
121 1780 293 1836 voracitatis
304 1779 463 1852 ingluviem
476 1781 674 1836 insatiabilem
687 1780 879 1836 saturandam
936 1790 984 1829 ses
999 1774 1074 1830 inlrn
1088 1775 1256 1848 quindecim
1268 1776 1330 1832 dies
1339 1776 1399 1832 bec
1410 1777 1578 1833 curaverint
1588 1776 1762 1851 adimplere,

48 1869 199 1943 quadum
225 1873 405 1941 exponentes
434 1886 517 1927 escas
550 1869 719 1926 volatilibus
748 1870 825 1936 cmii,
853 1873 883 1924 et
935 1863 1100 1920 eiscxtunc
1125 1864 1159 1920 ad
1179 1866 1348 1920 mandatnm
1377 1872 1508 1922 vestrum
1531 1866 1640 1922 iaciant
1664 1866 1760 1924 vivam

48 1959 198 2029 quasdam
215 1958 372 2014 semivivas
389 1957 589 2030 relinquentes
604 1957 716 2026 lupinis
734 1958 882 2014 morsibus
936 1969 1086 2026 guerram.
1103 1953 1216 2009 illectos
1231 1961 1329 2010 autem
1344 1955 1433 2037 ipsos,
1451 1955 1718 2013 excommunicatos
1733 1959 1764 2013 et

55 2046 413 2114 laceratas,imminettibi
430 2063 464 2103 ex
480 2054 617 2118 suspecto
632 2046 726 2103 officio
745 2045 882 2120 pastorali
936 2041 1088 2113 depositos
1105 2042 1220 2114 publice
1236 2043 1389 2110 nuntietis,
1403 2050 1432 2099 st
1447 2047 1508 2100 tem
1525 2045 1606 2117 ipsos
1621 2044 1763 2103 dil'lldetis

55 2135 182 2209 vigilare
195 2136 312 2209 vigilias
332 2136 437 2205 noctis,
454 2153 510 2191 non
526 2137 622 2192 solum
646 2154 735 2209 supcr
751 2134 883 2207 reliquiis
937 2149 971 2186 ox
987 2137 1068 2203 parte
1084 2137 1185 2189 nostra
1196 2150 1282 2205 quam
1293 2149 1394 2190 eorum
1406 2133 1565 2206 complices
1578 2139 1607 2190 et
1622 2134 1762 2192 lautores.

56 2224 220 2293 salvandis,
236 2242 272 2281 ne
290 2231 410 2299 pereant
433 2225 476 2281 vel
494 2227 639 2294 iurentur,
655 2227 705 2282 sed
722 2232 754 2282 nt
769 2241 883 2298 quaeras
937 2222 1010 2286 onia
1026 2237 1094 2276 vcro
1121 2222 1154 2277 D.
1166 2222 1295 2278 Delicnte
1319 2228 1347 2279 et
1366 2224 1392 2280 J.
1407 2224 1582 2280 Merchisan.
1590 2225 1719 2295 judicos.
1735 2228 1764 2281 el

56 2331 127 2371 oves
144 2316 273 2387 perditas
286 2314 452 2386 diligenter,
464 2314 556 2370 donec
573 2316 715 2384 invenias,
736 2321 765 2371 et
781 2315 883 2370 inven·
936 2313 972 2364 M.
988 2310 1187 2382 Macurutii,li.
1204 2312 1350 2379 scrinarii,
1367 2313 1524 2369 noluerunt
1539 2313 1713 2385 intelligere,
1731 2316 1766 2370 ut

54 2409 102 2461 tas
118 2405 155 2460 ed
170 2404 270 2460 caulas
295 2421 412 2460 revoces
428 2409 456 2459 ct
480 2403 612 2462 humeris
627 2406 686 2462 tuis
711 2411 820 2477 portes.
841 2421 885 2459 ca·
938 2400 1012 2456 bene
1028 2403 1213 2474 egerent,sed
1231 2402 1360 2473 pivet'aitis
1376 2403 1476 2460 electis
1493 2419 1524 2459 se
1539 2407 1650 2459 temere
1666 2402 1762 2460 socia·

57 2492 177 2566 pecitati
192 2492 330 2566 luporum
347 2510 504 2549 occurrens
520 2493 550 2548 in
568 2495 738 2550 tortitudine
750 2493 841 2551 animi
857 2497 886 2549 et
939 2495 1244 2563 runt,nec,postquam
1255 2508 1304 2547 eos
1316 2493 1351 2548 ab
1362 2493 1458 2549 otllcio
1472 2510 1527 2548 suo
1542 2495 1765 2565 suspendimus,

55 2582 186 2651 virtute,
208 2589 248 2650 st,
272 2581 298 2638 si
323 2588 435 2637 tantam
467 2583 621 2638 eudociam
647 2587 884 2656 assumpserunt,
939 2581 1071 2636 conversi
1086 2586 1155 2635 sunt
1176 2581 1254 2636 avia
1269 2598 1323 2636 sua
1340 2581 1425 2649 mala,
1451 2583 1500 2638 sed
1516 2583 1551 2637 ad
1577 2582 1764 2655 iniquitatem

57 2671 137 2743 quod
150 2671 257 2726 latratu
267 2687 373 2726 canum
388 2671 432 2726 vel
451 2672 554 2726 baculo
565 2673 666 2728 terreri
685 2677 832 2744 nequeant
842 2670 885 2726 vel
940 2669 1133 2725 extenderunt
1149 2668 1277 2742 amplius
1294 2687 1400 2725 manus
1416 2687 1496 2738 suas,
1513 2670 1629 2742 publice
1649 2673 1767 2728 dennu-

58 2758 156 2833 lngari
170 2759 225 2828 ,eis
241 2759 433 2832 personaliter
446 2766 473 2815 te
489 2778 631 2833 opponas,
656 2761 786 2816 animam
802 2766 884 2816 tuam
939 2758 1020 2814 tietis
1031 2775 1080 2814 eos
1094 2759 1130 2814 ab
1146 2759 1242 2814 ol'licio
1258 2775 1311 2814 suo
1327 2760 1477 2830 depositos
1494 2766 1634 2833 perpetuo
1650 2766 1679 2817 et
1690 2761 1768 2817 inia-

56 2866 112 2924 pro
126 2848 231 2906 ovibus
246 2849 305 2905 tuis
322 2867 429 2917 ponere
446 2866 502 2905 non
521 2852 693 2920 formidans,
709 2851 768 2906 veri
786 2850 886 2907 Pasto-
941 2865 1015 2919 mes,
1032 2846 1088 2904 nisi
1113 2848 1147 2903 ad
1166 2848 1337 2904 mandatnm
1354 2853 1487 2905 nostrum
1503 2849 1580 2905 intra
1595 2848 1765 2922 quindecim

59 2939 102 2994 ris
117 2936 241 3010 vestigia
263 2938 418 3003 imitando,
444 2955 490 3006 ne,
516 2939 540 2994 si
566 2940 652 2995 cedas
672 2939 819 3012 hostibus,
841 2939 885 2996 vel
940 2938 1004 2995 dies
1027 2939 1223 2995 satisfecerint
1237 2944 1447 3013 competenter.
1471 2940 1587 3007 Verum,
1604 2957 1671 2996 curn
1688 2956 1766 2997 nunc

59 3027 169 3101 lugius,
185 3025 290 3083 ovibus
306 3027 463 3095 derelictis,
480 3030 677 3084 mercenarius
693 3046 826 3101 querens
840 3028 886 3085 lac
940 3028 1073 3100 expediat
1085 3030 1162 3084 sicut
1173 3029 1300 3085 triticum
1318 3047 1368 3086 vos
1383 3029 1647 3097 cribrari,sollicite
1661 3045 1767 3087 cavea·

58 3122 88 3174 et
103 3115 202 3172 lenam
221 3115 368 3188 reputeris
396 3116 509 3183 merito,
524 3121 553 3171 et
574 3134 631 3172 non
654 3124 763 3190 pastor,
793 3091 922 3175 sterilic
941 3120 991 3183 tis,
1008 3136 1044 3174 ns
1061 3119 1166 3174 timore
1193 3117 1292 3190 aliquo
1309 3119 1488 3187 remittatur,
1514 3119 1557 3175 vel
1573 3124 1672 3193 tepeat
1693 3119 1767 3177 fides

57 3222 174 3279 quoque
191 3205 322 3262 ficulneae
345 3206 573 3277 comparandus,
591 3206 637 3261 eui
663 3206 753 3262 ultrix
775 3209 887 3264 securis
940 3215 1046 3276 vestra,
1077 3208 1147 3278 quin
1174 3206 1261 3277 digne
1289 3223 1322 3262 ac
1347 3206 1536 3262 laudabiliter
1560 3208 1763 3280 exsequemini

56 3294 207 3353 excidium
234 3296 442 3350 comminatur.
457 3295 499 3350 Tu
516 3299 626 3360 nutem,
653 3295 743 3352 frater
759 3295 887 3353 Urbeve·
942 3298 1115 3353 mandatum
1129 3296 1211 3351 vobis
1225 3295 1401 3366 injunctum,
1414 3300 1452 3363 et,
1465 3313 1531 3351 cum
1548 3298 1638 3352 timor
1652 3298 1766 3354 nonsit

57 3388 200 3451 tane,non
217 3383 305 3439 debes
321 3401 338 3440 a
353 3380 439 3455 longe
454 3383 541 3439 siccis
564 3383 656 3439 oculis
674 3386 823 3441 attendere
837 3403 887 3443 sn·
940 3387 970 3441 in
986 3384 1222 3452 charitate,toras
1238 3401 1254 3439 a
1269 3383 1352 3440 vobis
1378 3383 1476 3440 mittat
1491 3384 1620 3442 ebaritas
1635 3386 1765 3458 perlecta

56 3473 177 3547 gustias
202 3471 299 3528 fratris
325 3472 378 3535 tui.
401 3472 451 3527 sed
467 3471 593 3543 compati
621 3474 730 3529 teneris
754 3475 886 3547 proximo
939 3474 1089 3543 timorem,
1105 3473 1189 3528 illum
1206 3471 1303 3529 solnm
1319 3473 1532 3546 tin.entes,qni
1548 3479 1764 3548 petesteorpus

57 3561 200 3636 patienti,
225 3567 253 3618 et
281 3561 411 3617 animam
429 3578 479 3633 pro
504 3561 645 3618 iratribus
667 3580 784 3635 ponere,
810 3565 888 3620 sicut
940 3570 969 3622 ct
983 3564 1114 3621 animam
1132 3564 1248 3619 mittere
1264 3562 1292 3617 in
1305 3561 1482 3635 gehennam.

59 3652 193 3709 animam
206 3667 290 3708 suam
304 3668 354 3723 pro
371 3650 456 3707 uobis
468 3650 637 3724 posuitipse
648 3653 887 3727 nanasxanrgas
976 3655 1083 3711 Datum
1099 3669 1144 3708 xvi
1158 3651 1301 3708 llalsndes
1313 3652 1328 3707 J
1335 3651 1398 3708 ulii.

59 3758 130 3815 ergo
146 3741 176 3797 in
191 3739 372 3812 adjutorium
388 3741 452 3812 ejus
467 3746 496 3795 ct
511 3741 546 3796 ad
564 3741 706 3797 auxilium
723 3742 794 3815 ipsis
810 3742 875 3799 sesti
1273 3758 1331 3815 ch
1345 3759 1430 3831 (395).

59 3829 188 3899 na‚alter
202 3829 323 3886 alterins
336 3846 423 3885 onera
444 3835 592 3901 portantes
611 3831 803 3889 utebaritntis
822 3832 887 3888 vin·
1135 3863 1317 3904 mmm,
1338 3864 1566 3906 mmmmm

59 3920 128 3979 culo
144 3919 287 3994 colligati,
302 3925 332 3976 et
347 3919 386 3976 sit
399 3920 429 3974 in
445 3920 528 3975 vobis
542 3937 609 3976 vera
626 3921 806 3987 fraternitas,
822 3939 886 3995 que
940 3939 1061 4010 pangat,
1076 3943 1109 3994 „r
1130 3956 1160 3995 ,2
1180 3938 1330 4007 amioum
1344 3941 1503 4008 commui
1517 3941 1609 4009 ,mag
1633 3941 1723 4014 ὡς),
1735 3956 1766 3999 ,0

60 4009 143 4069 nullo
158 4007 253 4065 valeat
268 4009 428 4065 cartamine
443 4007 555 4064 violari.
570 4009 640 4064 Cum
658 4010 747 4082 igitur
770 4010 888 4083 elegeri·
1141 4016 1242 4083 perpet
1256 4026 1320 4083 (μω
1333 4012 1437 4083 objecto
1457 4023 1557 4069 essent.

61 4114 131 4155 mus
154 4113 206 4153 vos
227 4098 302 4152 duos
319 4098 346 4151 in
364 4095 560 4151 ministerium
585 4095 677 4166 istud,
694 4101 726 4151 ut
750 4098 887 4169 pugnetis
1225 4104 1265 4167 (vr
1294 4100 1358 4157 Kal.
1385 4101 1480 4174 tulit.)

60 4189 204 4244 adversus
220 4186 329 4241 bestias
345 4185 462 4250 deserti,
491 4201 554 4256 quie
570 4184 647 4241 sicut
662 4187 780 4241 locustas
804 4192 887 4244 terre
977 4191 1049 4247 Cum
1065 4205 1154 4260 super
1168 4188 1225 4258 his,
1243 4205 1308 4261 que
1323 4195 1426 4246 contra
1440 4195 1468 4246 ta
1484 4190 1569 4247 nobis
1593 4190 1767 4248 denuntiata
1867 4210 1872 4217 ·

60 4276 249 4351 superficiem
262 4273 592 4347 repleverunt,induatis
605 4291 655 4330 vos
664 4283 814 4332 armatura
824 4275 886 4348 net,
942 4278 1073 4346 luerunt,
1084 4277 1174 4351 legati
1189 4279 1280 4333 nostri
1296 4277 1454 4351 diligenter
1468 4279 1650 4352 inquirerent
1660 4282 1766 4337 verita·

60 4370 92 4422 nt
108 4382 212 4423 secure
227 4364 310 4421 stetis
325 4372 426 4420 contra
442 4364 565 4418 insidias
580 4369 609 4419 et
624 4364 752 4436 impetus
763 4366 887 4437 inimici,
941 4372 1012 4433 tem,
1030 4373 1073 4436 tu,
1091 4367 1168 4422 sicut
1182 4367 1361 4438 accepimus,
1378 4368 1414 4423 ad
1438 4374 1566 4424 nostram
1584 4369 1765 4425 audientiam

60 4455 211 4530 precincti
225 4472 299 4511 zona
320 4455 443 4526 justitiis
463 4459 492 4508 et
516 4459 599 4509 scuto
625 4453 691 4510 sidet
708 4459 886 4527 praemuniti,
902 4461 926 4527 Β
942 4455 1110 4528 appellasti,
1126 4460 1340 4511 utcanonicam
1355 4455 1489 4512 eluderes
1504 4455 1768 4531 disciplinam.lpsi

61 4544 171 4602 salutis
178 4543 291 4617 galeam
301 4548 486 4599 assumentes
496 4548 524 4598 ct
534 4542 666 4616 gladium
678 4545 887 4618 spiritusquod
942 4562 1019 4612 vero,
1036 4543 1179 4601 malentes
1197 4542 1385 4615 appellationi
1403 4546 1527 4615 deterre,
1543 4563 1631 4618 quam
1648 4548 1684 4602 ad
1700 4563 1768 4603 scn-

61 4639 110 4692 eet
124 4634 245 4690 verbum
262 4633 325 4691 Dei.
346 4634 484 4705 ideoque,
503 4633 686 4689 universitati
706 4641 808 4691 vestre
838 4652 888 4709 por
942 4636 1065 4691 tentiam
1083 4649 1250 4706 properare,
1272 4632 1495 4705 inquisitionem
1510 4635 1636 4693 fideliter
1660 4637 1767 4694 lactem

63 4722 227 4797 apostolica
241 4724 352 4795 scripta
367 4722 562 4794 precipiendo
579 4723 766 4791 mandamns,
787 4730 888 4796 quate-
942 4725 998 4780 sub
1014 4722 1077 4779 suis
1092 4720 1176 4779 nobis
1192 4723 1385 4779 transmisere
1400 4724 1542 4795 sigilis,ut
1562 4727 1597 4781 de
1612 4725 1695 4781 vultu
1716 4742 1769 4784 no·

62 4814 300 4882 nus,Viterbium
317 4813 509 4885 personaliter
524 4811 705 4880 accedentes,
723 4814 824 4872 fideles
838 4816 889 4888 qni
944 4819 1004 4868 stro
1020 4811 1151 4884 prodiret
1158 4811 1306 4882 judicium
1323 4813 1697 4886 aequitatislixspectautes
1713 4814 1769 4887 igi·

63 4908 138 4962 sunt
159 4903 199 4959 ibi
215 4905 409 4960 corroboretis
427 4902 456 4957 in
479 4902 569 4958 verbo
585 4901 635 4956 Dei
662 4904 769 4975 pariter
794 4912 823 4962 et
837 4907 888 4962 do·
943 4909 992 4960 tur
1005 4901 1280 4973 exspectavimus,si
1297 4903 1369 4959 torte
1394 4904 1436 4961 vel
1454 4922 1503 4975 per
1518 4910 1546 4961 te
1562 4907 1659 4978 ipsum
1685 4922 1771 4962 acce·

62 4992 203 5059 ctrina,et
216 4993 252 5049 ad
273 4992 460 5065 expellendos
489 4990 648 5048 Petarenos
663 4992 811 5052 inducatis
839 5013 891 5053 eos
944 4995 1038 5063 denes,
1056 4991 1100 5047 vel
1116 4991 1222 5047 saltem
1239 4992 1378 5049 idoneum
1403 4995 1547 5066 dirigeres
1569 4995 1770 5066 responsalem

99 5207 172 5279 t392)
185 5209 257 5266 Vide
267 5208 464 5281 Raynaldum,
481 5206 516 5261 ad
528 5221 641 5259 annum
658 5207 736 5273 1205,
753 5212 767 5276 5
782 5210 827 5269 67.
944 5204 1046 5277 Angel.
1064 5203 1228 5273 biennique,
1246 5206 1349 5262 Aranni.
1367 5207 1479 5266 cisterc.
1490 5214 1562 5265 tom.
1576 5209 1625 5271 lll,
1638 5225 1704 5280 pag.
1718 5208 1772 5263 125

63 5281 137 5336 Vide
151 5281 238 5337 etism
254 5282 409 5354 epistolam
426 5281 550 5351 hujusce
567 5276 632 5330 libri
648 5279 740 5333 octavi
755 5282 801 5337 85.
946 5280 982 5333 ad
998 5293 1108 5333 annum
1126 5277 1206 5340 1201,
1222 5294 1287 5349 cap.
1303 5280 1331 5346 1,
1347 5278 1363 5352 ξ
1382 5282 1426 5336 10.
1443 5281 1509 5344 Ouae
1525 5284 1602 5352 apud
1619 5280 1771 5354 leguntur,

100 5352 174 5425 (393)
187 5353 258 5409 Vide
269 5354 426 5426 epistolam
442 5349 509 5407 libri
526 5348 623 5420 quinti
638 5348 683 5417 93,
701 5357 761 5407 not.
947 5349 994 5405 bin
1011 5347 1094 5404 uncis
1111 5347 1226 5405 inclusa
1242 5356 1324 5406 sunt.

112 5423 177 5496 391)
194 5424 265 5481 Vide
276 5425 432 5553 epistolam
444 5422 510 5478 libri
525 5421 618 5476 octavi
634 5423 676 5485 tii,
691 5426 750 5478 not.
981 5418 1054 5474 Vide
1068 5418 1158 5474 ctiam
1173 5422 1329 5493 epistolam
1345 5421 1415 5479 libri
1430 5423 1548 5498 septimi
1562 5424 1641 5492 78,st
1657 5420 1771 5497 quesibi

111 5496 174 5567 395)
192 5498 290 5570 Episto
303 5515 350 5555 am
376 5497 451 5552 hanc
466 5493 569 5551 laudat
590 5492 768 5573 baynaldus,
790 5496 825 5552 ed
843 5513 895 5553 en.
947 5491 1089 5549 adnotata
1102 5494 1184 5547 sunt,

64 5583 138 5625 num
154 5568 234 5642 teos,
251 5569 267 5645 ξ
289 5571 336 5627 59.
352 5570 493 5629 Esmdem
509 5565 569 5621 lare
594 5569 740 5638 integram
765 5567 896 5643 vulgavit
