3780 6000
66 168 79 233 Ι·
137 216 191 274 575
599 218 807 276 trinoctium
826 220 865 274 lll
884 220 937 272 PP·
957 213 1203 271 RRGRSTORUM
1222 216 1289 270 Lib.
1309 212 1387 271 Vlll.
1792 218 1845 274 sic

137 368 153 398 a
173 362 248 416 sam,
265 346 351 418 quasi
366 345 401 401 de
417 345 535 417 pulvere
555 346 738 416 suscitatam,
770 359 861 415 usque
889 343 962 398 adeo
976 345 1004 411 Α
1020 356 1077 414 que
1092 339 1220 397 nationis
1236 344 1264 397 et
1278 341 1385 413 gentis,
1397 340 1551 398 incivitate
1565 345 1594 398 et
1619 341 1741 399 dioecesi
1769 344 1844 400 Con·

138 457 153 487 a
174 433 355 502 sublimavit,
372 439 570 505 uteam,tam
599 433 735 490 Ecclesia
762 431 962 489 Alexandriam
1018 429 1844 502 atuntinopolitauaecclesiasvelecclesiasticabenedcia

138 546 152 575 a
176 539 265 597 quam
282 524 466 580 Antiocheae
480 528 508 580 ct
526 522 795 596 hierosolymitana
809 521 963 595 dignitatis
1018 518 1193 591 obtinentes,
1204 519 1258 575 tihi
1269 519 1440 575 etltcelesioe
1456 519 1840 593 constantinopolitanam·

138 634 152 664 a
172 612 325 686 privilegio
340 614 509 684 anteferret,
524 618 613 686 atqua
635 617 700 685 post
713 628 744 668 se
760 629 817 683 prae
846 610 962 668 caeteris
1016 609 1176 665 verentium
1189 608 1316 666 debitam
1332 613 1360 665 et
1373 610 1513 666 honorem
1530 610 1667 668 devotum
1687 612 1844 670 exhibeant

136 723 152 754 a
172 701 323 770 exaltaret,
335 703 387 771 ita,
399 704 488 776 quod,
503 718 569 759 curn
579 701 754 758 multrellliae
765 699 962 756 divitiascon-
1017 697 1099 755 salva
1113 699 1142 755 in
1159 700 1296 756 omnihus
1312 699 1485 757 auctoritate
1499 700 1577 757 sedis
1590 700 1759 772 apostolice
1768 719 1844 758 rere·
1884 738 1886 781 ἶ

30 818 34 827 ·
136 813 151 844 a
171 788 961 865 gregarerint,hecsolapermstrisgratiamspecia-
1017 789 1112 845 rentia
1126 788 1286 846 ethonore.
1302 788 1587 862 Nulliergc,nostra
1602 790 1805 848 concessionis
1818 796 1844 850 st
1884 784 1886 803 '

136 902 151 932 a
172 879 229 937 lem
246 897 439 953 supergressa
456 880 544 936 fuerit
562 880 729 936 universas.
758 878 835 934 Licet
863 880 961 933 autem
1017 876 1217 949 protectionis,
1234 881 1289 934 etc.
1305 878 1335 933 Si
1351 878 1428 950 quis,
1445 883 1501 936 etc.

25 1046 28 1051 Ι
137 992 152 1021 a
172 971 273 1028 eadem
288 970 574 1027 Ecclesiainterdnm
585 971 621 1027 ab
632 971 789 1027 obedentia
804 969 883 1025 sadis
894 984 963 1040 apo·
1053 965 1160 1022 Datum
1175 969 1284 1035 Rome,
1299 968 1375 1039 apud
1388 971 1529 1025 Sanctum
1546 969 1842 1039 Petrum‚1rrllalen·

139 1083 150 1111 ι
172 1059 280 1117 stolicae
291 1060 459 1129 declinarit,
473 1060 543 1133 quia
553 1065 652 1117 tamen
664 1060 771 1116 edeam
780 1056 958 1133 perfleigra·
1016 1054 1070 1112 das
1084 1054 1204 1128 Aprilis,
1216 1073 1294 1113 anno
1309 1060 1423 1115 octavo.

139 1170 151 1199 ι
172 1147 244 1205 tiam
253 1148 408 1205 humiliter
417 1153 595 1217 retroversa,
608 1149 668 1205 tuis
681 1148 817 1221 precibus
828 1161 962 1203 annuen-

136 1260 152 1289 «
172 1242 226 1309 tes,
236 1239 370 1295 eamdem
381 1238 552 1305 Ecclesiam,
564 1238 817 1308 cui‚Deoauctore
828 1235 962 1303 Domino,
1352 1199 1403 1256 XX
1417 1201 1503 1273 (104)·

1051 1312 1140 1352 erosis
1155 1311 1467 1369 recommiscere
1481 1313 1808 1356 cousrrursorcsrrano.

134 1348 150 1378 a
171 1343 295 1400 preesse
315 1326 509 1399 dignosceris,
526 1327 581 1383 sub
602 1326 679 1383 beati
696 1325 774 1382 Petri
802 1328 830 1382 et
863 1329 962 1381 nostra

136 1437 150 1468 p
170 1417 348 1486 protectione
364 1416 556 1489 suscipimus,
572 1420 601 1474 oq
617 1415 770 1488 prasenti,
785 1413 886 1487 scripti
911 1431 961 1474 Μ.
1016 1403 1143 1461 Concedit
1157 1403 1320 1478 facultatem
1334 1405 1494 1462 absoluendi
1508 1423 1525 1461 o
1544 1407 1670 1464 censuris
1684 1409 1719 1464 olr
1733 1422 1841 1480 pereus-

135 1527 150 1556 a
166 1506 235 1577 gina
248 1505 469 1560 communimus
486 1505 568 1576 (102).
586 1526 601 1554 „
627 1504 783 1570 patere„
813 1519 962 1574 quascun,
1049 1475 1154 1532 sionem
1170 1476 1275 1546 clerim
1287 1477 1479 1550 elinunpendi
1494 1478 1685 1551 imperatorem
1711 1478 1840 1536 Constan-

136 1608 192 1666 que
208 1593 420 1664 possessiones,
435 1610 617 1665 quecunque
633 1593 710 1649 bona
720 1593 819 1649 eadem
833 1591 962 1648 Ecclesia
1052 1548 1275 1619 mmmmm
1648 1657 1665 1671 ..

136 1681 166 1737 in
183 1681 407 1752 presentiarum
420 1683 502 1753 juste
517 1687 546 1738 et
561 1682 700 1738 canonice
716 1680 856 1754 possidet,
869 1682 959 1737 autin
1153 1653 1250 1727 (Apud
1269 1658 1297 1712 Β·
1313 1659 1445 1723 pamma
1462 1673 1493 1713 ¹¹¹
1509 1655 1569 1713 m·
1587 1658 1708 1731 Apim)

136 1770 279 1840 futurum,
295 1772 485 1826 concessione
501 1771 684 1843 pontificum,
700 1775 729 1828 et
747 1770 961 1827 ecclesiastica·
1052 1769 1143 1836 {Sicut
1159 1769 1300 1826 Dominus
1311 1771 1341 1827 in
1352 1775 1515 1829 Romanam
1526 1772 1688 1831 Ecclesiam
1702 1774 1841 1846 perbeati

137 1876 203 1915 rum
216 1876 268 1915 seu
283 1859 371 1915 etiarn
387 1861 573 1917 secularium
590 1877 792 1934 personarum,
801 1862 960 1932 antusenn-
1014 1857 1090 1914 Petri
1102 1857 1207 1914 merita
1218 1875 1272 1914 sua
1281 1859 1359 1915 dona
1370 1860 1521 1929 diffundit,
1533 1861 1575 1918 sic
1585 1861 1840 1936 eJ'usprivilegium

132 2037 960 2111 tibiettuissuccessoribusillibatupermaneant.Liher·
1013 2036 1840 2115 detrimentumtamenhonoristimest‚necdispendium

135 2131 211 2184 tates
227 2144 344 2201 quoque
359 2132 389 2185 et
404 2128 609 2186 immunitates
622 2131 755 2202 ejusdem
771 2128 905 2187 Ecclesia
927 2147 961 2187 ae
1014 2124 1179 2198 potestatis.
1196 2130 1297 2200 utpote
1312 2144 1377 2200 (11¹⁰
1391 2127 1465 2184 nihil
1496 2129 1552 2187 sibi
1581 2130 1745 2201 subtrahit,
1773 2147 1840 2188 cum

134 2217 563 2275 consuetudinesrationabiles
574 2219 959 2292 etantiquas,quaeaposto·
1014 2213 1163 2288 aliquibus
1178 2216 1266 2272 etiarn
1282 2217 1409 2273 maxima
1424 2217 1578 2291 elargitur,
1595 2236 1649 2275 nec
1658 2220 1753 2277 aufert
1763 2222 1840 2293 qnod

131 2304 194 2363 licre
207 2306 287 2363 sedis
302 2323 361 2362 non
372 2306 493 2363 obviant
505 2306 661 2378 institutis,
673 2311 752 2364 ratas
764 2307 921 2379 habemus,
933 2311 961 2364 et
1013 2306 1136 2371 confert,
1151 2320 1205 2360 nec
1220 2306 1297 2378 quod
1313 2306 1413 2376 donat,
1432 2308 1551 2364 amittit.
1577 2308 1645 2380 lpaa
1670 2309 1781 2367 etenim
1810 2311 1840 2367 iu

131 2412 182 2453 aas
193 2395 958 2469 perpetuistemporibnsillibataspermanercsanci-
1013 2407 1074 2462 ecs,
1088 2408 1162 2464 quos
1178 2394 1206 2449 in
1225 2400 1339 2467 partem
1355 2412 1414 2452 sue
1430 2395 1641 2453 sollicitudinis
1657 2405 1770 2470 evocat,
1799 2399 1840 2456 sic

132 2500 210 2541 mus.
227 2482 357 2540 Pullaum
373 2500 503 2556 quoque,
517 2484 634 2557 insigne
648 2484 783 2541 videlicet
802 2484 958 2558 plenitudi·
1013 2480 1170 2554 dispendat
1185 2499 1274 2540 onera
1289 2489 1317 2540 et
1331 2483 1467 2553 honores,
1479 2491 1512 2541 ut
1523 2487 1764 2544 conminuseam
1777 2506 1837 2545 om·

14 2620 16 2625 ,
131 2573 180 2629 nia
195 2572 372 2645 pontificalis
388 2572 488 2641 offleii,
506 2574 682 2630 fraternitati
705 2578 773 2646 tum,
790 2576 825 2631 de
840 2580 958 2647 aposto·
1013 2571 1095 2627 nium
1107 2571 1296 2629 ecclesiarum
1307 2590 1378 2630 eura
1388 2573 1536 2642 sollicitet,
1549 2580 1577 2632 et
1584 2574 1738 2649 plenitudo
1748 2579 1840 2636 eccle·

132 2660 193 2717 licac
208 2661 287 2718 sedis
302 2661 446 2729 libertate,
457 2661 610 2734 largimur,
623 2678 692 2735 quc,
717 2662 797 2720 intra
821 2665 958 2721 ecclesias
1012 2659 1137 2717 siastica
1154 2663 1307 2734 potcstatis
1322 2664 1455 2733 adornet,
1465 2680 1554 2736 quum
1569 2682 1626 2721 non
1640 2666 1838 2738 patitanetri

133 2753 190 2805 tua
199 2749 383 2822 juridictioni
400 2751 561 2822 subiectus,
576 2752 605 2807 in
622 2751 776 2808 solemniis
798 2753 956 2810 missarum
1011 2748 1197 2823 privilegium
1213 2752 1370 2808 minorari.
1387 2757 1458 2809 Cum
1474 2752 1563 2822 igitur
1578 2755 1614 2811 ad
1646 2755 1838 2828 apostolicam

37 2890 42 2899 .
132 2840 236 2908 utaris,
251 2840 356 2896 diebus
371 2839 494 2896 inferius
509 2840 666 2909 denotatis,
681 2841 860 2898 videlicetin
876 2843 958 2898 Nati·
1012 2837 1111 2893 acdem
1127 2838 1318 2911 personaliter
1333 2840 1469 2919 laboraris
1484 2841 1569 2912 (105),
1585 2845 1614 2898 et
1643 2859 1696 2914 per
1723 2842 1840 2916 imposi-

74 2960 77 2965 -
130 2927 220 2984 ritate
235 2928 363 2999 Domini,
380 2927 535 2985 festivitate
556 2930 778 3003 protomartyris
805 2931 956 3002 Stephani,
1011 2925 1120 2982 tionem
1138 2929 1840 3006 msuuumnostrarumdiaconatnsetpreshpte·

131 3016 955 3092 Circumcisioneltomini,Epiphania,lpopanti,llomi·
1013 3019 1094 3069 ratus
1110 3016 1274 3086 susceperis
1299 3017 1427 3089 ordines,
1455 3023 1481 3074 et
1509 3018 1583 3090 (106)
1610 3020 1640 3075 in
1668 3020 1839 3095 episcopum

130 3103 198 3162 ntea
211 3105 241 3161 in
254 3105 354 3162 tramis
371 3105 549 3178 palmarum,
565 3106 654 3162 coenn
672 3106 802 3178 Domini,
829 3109 955 3166 sabbato
970 3087 992 3155 C
1010 3103 1128 3160 tandem
1146 3104 1236 3161 lucris
1251 3111 1451 3174 consecratus,
1467 3106 1626 3179 specialem
1642 3110 1698 3164 tibi
1714 3111 1839 3181 gratiam

129 3199 245 3262 sancto,
260 3194 381 3263 Pascha,
393 3195 467 3251 feria
483 3196 612 3251 secunda
627 3199 694 3269 post
713 3198 828 3253 Pascha
847 3199 956 3255 Ascen-
1010 3192 1104 3250 lacere
1117 3193 1265 3266 volumus,
1280 3199 1308 3250 et
1323 3199 1351 3251 ta
1366 3196 1561 3268 personaliter
1572 3198 1755 3256 intendimus
1786 3199 1840 3257 bo·

130 3283 956 3359 sione,Pentecoste,trihusfestivitatibusheateMurice,
1012 3298 1126 3339 norare.
1137 3283 1308 3357 llapropter,
1318 3285 1530 3341 venerahilisin
1541 3285 1655 3344 Christo
1666 3288 1769 3360 frater,
1780 3289 1838 3346 tuis

133 3371 231 3430 Natali
247 3372 371 3430 loannis
385 3372 534 3446 Bnptistar,
564 3373 800 3431 solemnitatibus
823 3377 957 3434 omnium
1008 3371 1099 3443 justis
1112 3372 1304 3446 petitionibus
1318 3379 1493 3442 annuentes,
1509 3375 1681 3433 anctoritate
1697 3377 1750 3433 tibi
1765 3395 1837 3451 prae·

130 3461 957 3537 apostolorum,commemorationesanctcrumomnium,
1011 3461 1140 3517 sentium
1155 3461 1356 3534 indulgemus,
1371 3467 1404 3518 ut
1419 3463 1553 3520 subditos
1569 3470 1636 3521 tuos
1649 3464 1740 3538 quiin
1752 3466 1838 3524 cleri-

130 3550 365 3607 dadicaticnibus
377 3551 958 3624 ecclesiarum,episcoporum,consecra-
1012 3566 1062 3606 cos
1076 3555 1104 3607 et
1117 3551 1190 3609 alios
1205 3552 1283 3610 viros
1298 3551 1453 3626 religiosos
1468 3569 1574 3609 manus
1592 3554 1748 3625 injecerint
1777 3556 1839 3613 vio·

130 3637 276 3705 tionibus,
288 3640 521 3697 ordinationibus
536 3639 720 3709 clericorum,
748 3643 958 3717 principalibus
1012 3639 1118 3710 lentas,
1135 3641 1307 3697 auctoritate
1322 3656 1356 3697 ac
1370 3642 1433 3698 rice
1447 3646 1550 3698 nostra
1560 3644 1725 3700 secundum
1740 3644 1839 3701 Eccle-

132 3727 677 3800 fastiritatibusecclesiarumtuarum,
687 3729 750 3787 etin
760 3733 959 3790 anniversario
1013 3729 1064 3785 sisa
1079 3729 1200 3786 formam
1215 3729 1361 3797 absolvas,
1378 3729 1435 3787 nisi
1451 3731 1574 3788 forsitan
1589 3732 1631 3788 ita
1645 3733 1732 3789 fuerit
1750 3750 1839 3791 enor-

131 3816 360 3874 consecrationis
368 3818 958 3893 tuaedie,ettamimperatorisquamalio·
1013 3819 1071 3874 ruis
1085 3834 1234 3887 excessus,
1251 3824 1283 3875 ut
1296 3819 1400 3876 merito
1411 3821 1514 3876 credas
1528 3836 1578 3877 ecs
1592 3822 1630 3877 ud
1645 3822 1744 3879 sedem
1770 3840 1840 3897 apo·

131 3920 197 3962 rum
206 3906 958 3981 magnatumetprincipumsepulturishdindicium
1013 3906 1148 3964 stolicem
1165 3908 1355 3966 destinandos
1371 3925 1379 3965 t
1396 3907 1551 3966 falsarium
1573 3926 1691 3982 quoque
1719 3911 1841 3970 absolu·

131 3993 956 4071 etiumgratiusplenarls,uuctoritatetibipraesentinmin·
1012 3997 1122 4054 tionem
1138 4001 1195 4053 tuis
1210 3997 1385 4054 fraternitati
1407 3998 1631 4070 committimus,
1656 3999 1681 4055 si
1692 4001 1793 4058 forsan
1810 4003 1839 4059 in

16 4110 20 4125 ι
132 4083 298 4154 dulgemus,
310 4083 958 4161 utarchiepisccpis,suffraganeistuis,usum
1013 4085 1109 4157 sigillo
1122 4090 1172 4143 tuo
1183 4087 1228 4143 rel
1239 4088 1426 4144 subditorum
1438 4093 1556 4144 tucrum
1569 4089 1672 4146 vitium
1682 4092 1840 4150 commise-

131 4171 213 4245 pallii
224 4174 379 4247 presentia
390 4172 760 4246 indulgentiaauctoritate
770 4179 957 4236 coucedasab
1012 4176 1072 4232 rint
1086 4175 1234 4233 falsitatis.
1253 4175 1288 4233 Ut
1302 4182 1400 4234 antem
1415 4182 1556 4250 tanquam
1573 4194 1701 4251 sponsus
1720 4181 1757 4237 de
1772 4182 1839 4239 tha·

131 4261 956 4337 eisprotequodcanonicnmfuerit,pronobisautem
1012 4266 1366 4337 lamomatrisprocedas
1389 4267 1422 4323 ad
1454 4283 1607 4339 sponsum,
1637 4268 1840 4328 circumdatus

131 4357 160 4409 et
174 4352 301 4409 Ecclesia
317 4352 449 4409 Romana
464 4352 652 4425 sponsionem
668 4355 852 4424 obedientie,
877 4374 957 4414 rece·
1011 4354 1202 4411 varietatibus
1217 4359 1246 4411 et
1260 4353 1512 4428 indulgentiarum
1527 4363 1693 4414 nostrarum
1718 4361 1839 4417 deeora·

130 4448 246 4516 pturus.
263 4448 353 4499 Porro
369 4459 498 4513 crucem,
513 4442 649 4500 videlicet
661 4444 800 4502 vexillum
827 4446 959 4503 Domini·
972 4458 996 4524 ὓ
1012 4447 1061 4500 tus
1076 4444 1198 4512 amictu,
1213 4443 1266 4500 tibi
1282 4444 1686 4518 personaliterindulgemus,
1697 4455 1739 4519 ut,
1751 4450 1776 4506 si
1788 4451 1840 4522 qui

129 4548 208 4599 cum,
220 4548 487 4604 perquemcunque
502 4532 600 4588 locum
617 4541 643 4589 te
655 4533 780 4590 transire
790 4537 954 4609 contigerit,
1011 4550 1094 4605 reges
1110 4533 1140 4588 in
1155 4533 1484 4606 Constantinopolitano
1500 4536 1623 4608 imperio
1633 4537 1839 4596 fuerintinun-

130 4624 250 4692 excepta
268 4620 339 4675 urbe
355 4620 499 4691 Romana,
514 4625 543 4676 et
557 4619 621 4678 loco
636 4621 665 4676 in
691 4638 749 4694 quo
779 4624 868 4680 fuerit
896 4626 953 4682 lto·
1009 4623 1109 4694 gendi,
1125 4622 1197 4678 dum
1213 4627 1312 4679 tamen
1328 4640 1345 4678 a
1359 4627 1387 4678 te
1404 4623 1537 4679 inunctio
1553 4624 1730 4696 postuletur,
1744 4633 1775 4684 et
1791 4647 1841 4687 as-

131 4704 462 4775 manus'antistes,ante
485 4713 514 4765 te
533 4710 694 4778 deferendi,
709 4711 883 4770 fraternitati
899 4719 954 4771 tuas
1009 4727 1116 4767 sensus
1131 4710 1295 4783 imperialis
1310 4712 1441 4782 accedat,
1465 4711 1599 4785 inungas.
1615 4713 1694 4771 Nulli
1722 4731 1839 4790 ergo...,

129 4798 281 4856 licentiam
293 4797 492 4869 impertimur,
503 4802 531 4854 et
540 4798 569 4853 in
582 4799 821 4870 processionibus
832 4803 954 4860 tuistihi
1008 4804 1116 4856 nostre
1130 4799 1339 4868 concessionis,
1353 4803 1408 4857 etc.

130 4887 320 4943 concedimur
339 4903 426 4943 usum
443 4887 525 4943 nacci
541 4887 624 4959 (103),
643 4888 778 4959 praesenti
794 4892 902 4964 scripto
913 4892 955 4948 ni·
1045 4892 1150 4945 Datum
1167 4892 1277 4958 Roma,
1292 4889 1370 4963 apud
1385 4893 1413 4946 S.
1430 4890 1560 4961 Petrum,
1574 4908 1606 4947 111
1620 4891 1684 4951 Kal.
1715 4898 1836 4970 Aprilis,

126 4974 290 5033 hilominus
300 4979 475 5046 statuentes,
486 4979 518 5030 ut
528 4975 658 5032 universi
675 4974 955 5050 clerici,cujuscun-
1009 4995 1087 5037 anno
1102 4983 1214 5036 octavo.

166 5118 229 5194 (tos
253 5121 402 5173 Hactenus
418 5115 597 5188 Ruynaldus.
1008 5122 1075 5179 vide
1090 5122 1237 5192 Cancrum,
1254 5123 1373 5180 Glossar.
1387 5127 1460 5179 torn.
1476 5123 1512 5186 V.
1527 5123 1677 5183 collidi.

167 5191 229 5259 (183
253 5189 301 5245 Sic
318 5190 345 5244 in
360 5187 528 5259 apographo
548 5187 645 5244 Conti.
669 5188 715 5246 Sic
739 5191 827 5247 etiam
853 5193 882 5248 in
907 5212 955 5250 co·
1044 5194 1120 5264 (lot)
1135 5194 1254 5264 Legitur
1270 5195 1298 5250 in
1315 5195 1451 5263 Gestis,§
1477 5193 1524 5259 98,
1552 5195 1678 5268 ideoque
1706 5199 1754 5258 bie
1780 5221 1835 5261 aa·

130 5260 408 5332 dicamanuscripto
432 5257 620 5316 Bibliotheca
648 5259 806 5329 Vaticana,
837 5280 870 5320 ex
897 5282 955 5338 quo
1010 5264 1052 5321 cis
1079 5265 1250 5321 includitur.
1280 5267 1419 5322 &nudem
1449 5266 1551 5323 laudat
1579 5267 1761 5345 Raynaldus,
1799 5279 1835 5333 ad

32 5374 35 5379 -
130 5331 281 5406 epistolas,
311 5349 374 5404 qne
398 5332 428 5385 in
454 5332 627 5387 domnoiorio
651 5332 767 5388 Berordr'
796 5335 956 5407 flopotr'trrni
1009 5353 1120 5395 annum
1135 5336 1300 5410 1205‚§tc.

130 5405 323 5475 reperientur,
340 5401 466 5458 exscribi
481 5403 650 5458 curavimus
666 5419 784 5461 :verum
799 5409 956 5482 utrobique
1045 5407 1118 5478 (105)
1134 5408 1181 5464 Sic
1196 5412 1226 5464 et
1241 5408 1269 5463 in
1284 5408 1392 5471 Gestis,
1409 5408 1437 5462 in
1451 5409 1516 5465 cod.
1532 5425 1598 5466 vern
1614 5411 1687 5486 fleg.
1699 5416 1788 5475 citato
1817 5438 1834 5477 a

131 5477 280 5534 mendose.
295 5474 464 5548 Legendum
479 5477 567 5530 nocti.
579 5475 695 5532 fluctum
705 5477 795 5547 enim,
806 5479 849 5534 vel
860 5490 956 5537 noctur
1009 5478 1127 5534 Baluuio
1141 5479 1172 5534 in
1186 5495 1279 5552 marg.
1295 5479 1449 5536 emerseris.

129 5554 176 5606 est
190 5546 355 5620 stragulum
371 5561 429 5618 quo
444 5550 524 5603 totus
540 5562 635 5619 equus
650 5547 836 5622 insternitur,
852 5552 955 5625 dequo
1045 5550 1119 5622 (loct
1133 5552 1202 5608 Cod.
1221 5549 1292 5624 ch.
1307 5553 1356 5609 cit.
1373 5553 1439 5608 add.
1456 5551 1530 5623 opud
1543 5552 1643 5624 ipram.
